timestamp,BTC_price,ETH_price,SOL_price
2025-11-23 20:03:24.778000,87381.61979501754,2821.3633941616995,132.405135424903
2025-11-23 21:00:27.962000,87459.00743553902,2821.3633941616995,132.405135424903
2025-11-23 21:06:16.714000,87459.00743553902,2826.0712724414907,132.405135424903
2025-11-23 21:06:19.759000,87459.00743553902,2826.0712724414907,132.5303000974582
2025-11-23 22:01:43.997000,87856.91104466101,2826.0712724414907,132.5303000974582
2025-11-23 22:01:44.264000,87856.91104466101,2838.540838173405,132.5303000974582
2025-11-23 22:01:45.711000,87856.91104466101,2838.540838173405,132.83492845218765
2025-11-23 23:00:50.408000,87856.91104466101,2838.540838173405,132.5251210397737
2025-11-23 23:01:05.290000,87854.91896866458,2838.540838173405,132.5251210397737
2025-11-23 23:01:09.232000,87854.91896866458,2833.3733643412866,132.5251210397737
2025-11-24 00:02:13.715000,86783.84766839583,2833.3733643412866,132.5251210397737
2025-11-24 00:02:15.835000,86783.84766839583,2799.814934092464,132.5251210397737
2025-11-24 00:02:19.398000,86783.84766839583,2799.814934092464,130.84897517738048
2025-11-24 01:01:58.566000,86783.84766839583,2795.561666997617,130.84897517738048
2025-11-24 01:02:00.124000,86783.84766839583,2795.561666997617,131.34286750202608
2025-11-24 01:02:25.421000,86628.2459764275,2795.561666997617,131.34286750202608
2025-11-24 02:01:16.775000,86628.2459764275,2804.282122344788,131.34286750202608
2025-11-24 02:01:28.283000,86628.2459764275,2804.282122344788,130.7214270308208
2025-11-24 02:01:38.720000,86848.54665879114,2804.282122344788,130.7214270308208
2025-11-24 03:04:33.694000,86848.54665879114,2804.282122344788,133.34938291323243
2025-11-24 03:06:33.881000,86848.54665879114,2840.467359297817,133.34938291323243
2025-11-24 03:06:34.127000,87498.4558089519,2840.467359297817,133.34938291323243
2025-11-24 04:00:29.740000,87498.4558089519,2853.6275655469994,133.34938291323243
2025-11-24 04:01:18.971000,87498.4558089519,2853.6275655469994,133.34947759588047
2025-11-24 04:01:44.812000,87280.45777186136,2853.6275655469994,133.34947759588047
2025-11-24 05:01:56.614000,87280.45777186136,2853.6275655469994,131.31708847350103
2025-11-24 05:02:16.020000,87280.45777186136,2823.628480128831,131.31708847350103
2025-11-24 05:03:04.252000,86752.70249543806,2823.628480128831,131.31708847350103
2025-11-24 06:02:27.553000,86752.70249543806,2864.5832080861683,131.31708847350103
2025-11-24 06:02:32.533000,86752.70249543806,2864.5832080861683,132.85639249510817
2025-11-24 06:02:53.968000,87387.45679921281,2864.5832080861683,132.85639249510817
2025-11-24 07:02:25.689000,87387.45679921281,2835.252209040108,132.85639249510817
2025-11-24 07:02:37.999000,87387.45679921281,2835.252209040108,130.95902398330034
2025-11-24 07:02:39.967000,86844.70882045799,2835.252209040108,130.95902398330034
2025-11-24 08:01:55.934000,87075.74513315319,2835.252209040108,130.95902398330034
2025-11-24 08:01:56.297000,87075.74513315319,2835.252209040108,130.66950062407952
2025-11-24 08:01:58.494000,87075.74513315319,2833.00043777294,130.66950062407952
2025-11-24 09:01:39.745000,86764.94391947515,2833.00043777294,130.66950062407952
2025-11-24 09:01:41.182000,86764.94391947515,2829.7510220885924,130.66950062407952
2025-11-24 09:01:42.639000,86764.94391947515,2829.7510220885924,130.03546935102966
2025-11-24 10:02:13.837000,86764.94391947515,2829.7510220885924,128.9896313068621
2025-11-24 10:02:19.655000,85953.91955751604,2829.7510220885924,128.9896313068621
2025-11-24 10:02:23.574000,85953.91955751604,2796.599389296477,128.9896313068621
2025-11-24 11:01:42.555000,86001.79035541319,2796.599389296477,128.9896313068621
2025-11-24 11:01:44.532000,86001.79035541319,2798.011900973332,128.9896313068621
2025-11-24 11:02:01.817000,86001.79035541319,2798.011900973332,129.06869677812747
2025-11-24 12:00:22.032000,86001.79035541319,2800.012849894453,129.06869677812747
2025-11-24 12:01:52.847000,86268.29336648472,2800.012849894453,129.06869677812747
2025-11-24 12:01:53.664000,86268.29336648472,2800.012849894453,129.65769311124967
2025-11-24 13:00:55.710000,85957.05408472917,2800.012849894453,129.65769311124967
2025-11-24 13:00:56.109000,85957.05408472917,2801.8604818756708,129.65769311124967
2025-11-24 13:00:58.498000,85957.05408472917,2801.8604818756708,129.43376628218016
2025-11-24 14:00:37.688000,86269.6656515316,2801.8604818756708,129.43376628218016
2025-11-24 14:00:42.458000,86269.6656515316,2820.775452897112,129.43376628218016
2025-11-24 14:00:43.100000,86269.6656515316,2820.775452897112,130.00414039477354
2025-11-24 15:02:31.165000,86269.6656515316,2828.6379415527053,130.00414039477354
2025-11-24 15:02:33.923000,86269.6656515316,2828.6379415527053,130.45603055446307
2025-11-24 15:02:38.643000,86192.31160547498,2828.6379415527053,130.45603055446307
2025-11-24 16:00:08.388000,86192.31160547498,2828.6379415527053,132.1439004227934
2025-11-24 16:01:13.260000,86192.31160547498,2845.512294159584,132.1439004227934
2025-11-24 16:01:37.296000,86425.72745227045,2845.512294159584,132.1439004227934
2025-11-24 17:00:42.343000,86425.72745227045,2845.512294159584,133.765825546837
2025-11-24 17:00:57.619000,86425.72745227045,2859.6167728750675,133.765825546837
2025-11-24 17:02:08.033000,87219.59492448122,2859.6167728750675,133.765825546837
2025-11-24 18:01:28.194000,87219.59492448122,2940.886893265146,133.765825546837
2025-11-24 18:01:58.882000,88428.17629657475,2940.886893265146,133.765825546837
2025-11-24 18:02:10.717000,88428.17629657475,2940.886893265146,136.79274496884983
2025-11-24 19:00:19.678000,88428.17629657475,2953.8352293690127,136.79274496884983
2025-11-24 19:00:20.429000,88428.17629657475,2953.8352293690127,137.24202551067603
2025-11-24 19:00:57.631000,88599.03241522705,2953.8352293690127,137.24202551067603
2025-11-24 20:00:53.015000,88599.03241522705,2953.8352293690127,137.12257977906836
2025-11-24 20:01:24.461000,88356.83122629141,2953.8352293690127,137.12257977906836
2025-11-24 20:02:07.204000,88356.83122629141,2959.551034112809,137.12257977906836
2025-11-24 21:01:44.944000,89111.75024576523,2959.551034112809,137.12257977906836
2025-11-24 21:01:45.132000,89111.75024576523,2979.1940739173087,137.12257977906836
2025-11-24 21:01:46.062000,89111.75024576523,2979.1940739173087,138.99030438424975
2025-11-24 22:01:49.101000,89111.75024576523,2979.1940739173087,138.47629665252305
2025-11-24 22:01:49.873000,89111.75024576523,2956.464021400764,138.47629665252305
2025-11-24 22:01:50.553000,88749.78735098541,2956.464021400764,138.47629665252305
2025-11-24 23:01:02.805000,88631.71085966966,2956.464021400764,138.47629665252305
2025-11-24 23:01:19.192000,88631.71085966966,2956.464021400764,138.8716130522529
2025-11-24 23:01:43.856000,88631.71085966966,2954.6540400671456,138.8716130522529
2025-11-25 00:01:16.249000,88631.71085966966,2952.334906852989,138.8716130522529
2025-11-25 00:01:25.080000,88631.71085966966,2952.334906852989,138.3677130507636
2025-11-25 00:01:27.963000,88229.35740719768,2952.334906852989,138.3677130507636
2025-11-25 01:01:43.710000,88139.41175889166,2952.334906852989,138.3677130507636
2025-11-25 01:01:57.465000,88139.41175889166,2944.4844329749926,138.3677130507636
2025-11-25 01:01:57.984000,88139.41175889166,2944.4844329749926,138.55170211380786
2025-11-25 02:00:31.430000,88139.41175889166,2926.100045453785,138.55170211380786
2025-11-25 02:00:41.477000,87829.57652809896,2926.100045453785,138.55170211380786
2025-11-25 02:00:47.877000,87829.57652809896,2926.100045453785,138.06675157351572
2025-11-25 03:00:16.508000,87759.23926010152,2926.100045453785,138.06675157351572
2025-11-25 03:01:54.399000,87759.23926010152,2926.100045453785,138.04022690203348
2025-11-25 03:01:55.450000,87759.23926010152,2926.745303529564,138.04022690203348
2025-11-25 04:01:47.150000,87710.53378537255,2926.745303529564,138.04022690203348
2025-11-25 04:01:47.457000,87710.53378537255,2911.2360803190536,138.04022690203348
2025-11-25 04:01:47.735000,87710.53378537255,2911.2360803190536,137.48715337095678
2025-11-25 05:01:25.635000,88416.26556192817,2911.2360803190536,137.48715337095678
2025-11-25 05:01:27.955000,88416.26556192817,2911.2360803190536,138.616942111755
2025-11-25 05:01:41.608000,88416.26556192817,2938.983212052411,138.616942111755
2025-11-25 06:01:12.025000,88100.74473486726,2938.983212052411,138.616942111755
2025-11-25 06:01:48.419000,88100.74473486726,2931.6000411614395,138.616942111755
2025-11-25 06:01:48.577000,88100.74473486726,2931.6000411614395,138.6342074293524
2025-11-25 07:02:26.306000,88100.74473486726,2931.6000411614395,137.78836974770678
2025-11-25 07:02:27.622000,87851.67691247856,2931.6000411614395,137.78836974770678
2025-11-25 07:02:28.021000,87851.67691247856,2918.013536103648,137.78836974770678
2025-11-25 08:00:29.521000,87851.67691247856,2903.12390370383,137.78836974770678
2025-11-25 08:00:53.475000,87851.67691247856,2903.12390370383,136.4361257136987
2025-11-25 08:01:01.499000,87385.4867712119,2903.12390370383,136.4361257136987
2025-11-25 09:02:26.376000,87385.4867712119,2883.780388855892,136.4361257136987
2025-11-25 09:02:28.699000,87385.4867712119,2883.780388855892,136.07816022981228
2025-11-25 09:02:32.264000,87126.88420569089,2883.780388855892,136.07816022981228
2025-11-25 10:02:51.850000,87035.34816069364,2883.780388855892,136.07816022981228
2025-11-25 10:02:52.240000,87035.34816069364,2886.287542870822,136.07816022981228
2025-11-25 10:02:52.826000,87035.34816069364,2886.287542870822,135.7406962030773
2025-11-25 11:03:54.730000,87349.3248932984,2886.287542870822,135.7406962030773
2025-11-25 11:04:09.727000,87349.3248932984,2894.1398260083283,135.7406962030773
2025-11-25 11:04:12.319000,87349.3248932984,2894.1398260083283,136.4627769988487
2025-11-25 12:01:46.346000,87349.3248932984,2894.1398260083283,136.5110729055932
2025-11-25 12:01:47.714000,87368.70154934759,2894.1398260083283,136.5110729055932
2025-11-25 12:02:03.822000,87368.70154934759,2892.531947762183,136.5110729055932
2025-11-25 13:00:47.841000,87368.70154934759,2926.848628586485,136.5110729055932
2025-11-25 13:00:48.852000,87368.70154934759,2926.848628586485,136.24232807404005
2025-11-25 13:00:52.534000,87488.65596440769,2926.848628586485,136.24232807404005
2025-11-25 14:01:53.066000,86898.36528137974,2926.848628586485,136.24232807404005
2025-11-25 14:01:54.768000,86898.36528137974,2902.08286657856,136.24232807404005
2025-11-25 14:01:56.321000,86898.36528137974,2902.08286657856,135.3843904460674
2025-11-25 15:00:15.948000,86898.36528137974,2902.08286657856,134.14023208566334
2025-11-25 15:02:12.298000,86396.68263644705,2902.08286657856,134.14023208566334
2025-11-25 15:02:40.287000,86396.68263644705,2874.100661709353,134.14023208566334
2025-11-25 16:00:42.786000,86910.96082919533,2874.100661709353,134.14023208566334
2025-11-25 16:00:48.994000,86910.96082919533,2894.04103080722,134.14023208566334
2025-11-25 16:00:50.198000,86910.96082919533,2894.04103080722,134.72301421042792
2025-11-25 17:01:37.178000,86910.96082919533,2894.04103080722,136.07860026224552
2025-11-25 17:01:39.085000,87078.39643422313,2894.04103080722,136.07860026224552
2025-11-25 17:01:39.708000,87078.39643422313,2928.4552539508004,136.07860026224552
2025-11-25 18:07:55.357000,87515.4235640805,2928.4552539508004,136.07860026224552
2025-11-25 18:07:58.620000,87515.4235640805,2941.1850746883424,136.07860026224552
2025-11-25 18:07:59.461000,87515.4235640805,2941.1850746883424,136.96391496335468
2025-11-25 19:02:44.831000,87515.4235640805,2941.1850746883424,136.4856737324282
2025-11-25 19:02:56.100000,87228.88735414941,2941.1850746883424,136.4856737324282
2025-11-25 19:02:56.118000,87228.88735414941,2924.394914941541,136.4856737324282
2025-11-25 20:02:31.822000,87228.88735414941,2922.267166468887,136.4856737324282
2025-11-25 20:02:43.039000,87228.88735414941,2922.267166468887,136.56658373353633
2025-11-25 20:02:50.689000,86826.83681405816,2922.267166468887,136.56658373353633
2025-11-25 21:00:01.250000,86826.83681405816,2933.821121085828,136.56658373353633
2025-11-25 21:01:15.929000,87340.34991860151,2933.821121085828,136.56658373353633
2025-11-25 21:01:35.397000,87340.34991860151,2933.821121085828,137.65688601417204
2025-11-25 22:01:02.072000,87340.34991860151,2930.133688294028,137.65688601417204
2025-11-25 22:01:04.857000,87340.34991860151,2930.133688294028,137.2236694489087
2025-11-25 22:01:05.601000,86978.09855205339,2930.133688294028,137.2236694489087
2025-11-25 23:01:10.540000,87594.72411303585,2930.133688294028,137.2236694489087
2025-11-25 23:01:12.134000,87594.72411303585,2971.4320119753984,137.2236694489087
2025-11-25 23:01:27.612000,87594.72411303585,2971.4320119753984,138.77139723929756
2025-11-26 00:00:39.104000,87310.33159950442,2971.4320119753984,138.77139723929756
2025-11-26 00:00:39.621000,87310.33159950442,2955.046469321271,138.77139723929756
2025-11-26 00:00:41.117000,87310.33159950442,2955.046469321271,139.0062092062614
2025-11-26 01:02:19.920000,87519.74766739071,2955.046469321271,139.0062092062614
2025-11-26 01:02:26.858000,87519.74766739071,2955.046469321271,139.26715281445018
2025-11-26 01:02:37.676000,87519.74766739071,2951.891249728667,139.26715281445018
2025-11-26 02:02:15.310000,87519.74766739071,2968.153960042805,139.26715281445018
2025-11-26 02:02:17.495000,87884.060172756,2968.153960042805,139.26715281445018
2025-11-26 02:02:20.168000,87884.060172756,2968.153960042805,139.88333123422197
2025-11-26 03:00:45.713000,87884.060172756,2968.153960042805,139.37198381861407
2025-11-26 03:01:41.662000,87884.060172756,2960.722439420544,139.37198381861407
2025-11-26 03:01:44.287000,87758.1678796271,2960.722439420544,139.37198381861407
2025-11-26 04:01:48.266000,87091.71946980437,2960.722439420544,139.37198381861407
2025-11-26 04:01:49.077000,87091.71946980437,2924.288991588844,139.37198381861407
2025-11-26 04:01:49.742000,87091.71946980437,2924.288991588844,138.14915642427954
2025-11-26 05:01:37.380000,87091.71946980437,2924.288991588844,138.1706604234065
2025-11-26 05:02:11.688000,87198.0485583665,2924.288991588844,138.1706604234065
2025-11-26 05:02:11.975000,87198.0485583665,2930.8371369093225,138.1706604234065
2025-11-26 06:01:48.895000,87533.46385277133,2930.8371369093225,138.1706604234065
2025-11-26 06:01:49.531000,87533.46385277133,2930.8371369093225,138.87246235549392
2025-11-26 06:02:03.593000,87533.46385277133,2943.6649992964262,138.87246235549392
2025-11-26 07:01:47.194000,87533.46385277133,2943.6649992964262,139.32813837729373
2025-11-26 07:01:48.162000,87533.46385277133,2946.289298886032,139.32813837729373
2025-11-26 07:01:48.642000,87794.92494380343,2946.289298886032,139.32813837729373
2025-11-26 08:00:55.607000,87888.58561715245,2946.289298886032,139.32813837729373
2025-11-26 08:02:04.307000,87888.58561715245,2943.126559161543,139.32813837729373
2025-11-26 08:02:04.938000,87888.58561715245,2943.126559161543,139.68546164778138
2025-11-26 09:01:05.284000,87388.00383293368,2943.126559161543,139.68546164778138
2025-11-26 09:02:55.366000,87388.00383293368,2943.126559161543,137.90303211462458
2025-11-26 09:03:22.837000,87388.00383293368,2912.47815035887,137.90303211462458
2025-11-26 10:01:44.434000,87388.00383293368,2907.210470993942,137.90303211462458
2025-11-26 10:01:51.826000,86805.57291021988,2907.210470993942,137.90303211462458
2025-11-26 10:01:55.521000,86805.57291021988,2907.210470993942,136.6037138646398
2025-11-26 11:01:38.239000,86805.57291021988,2907.210470993942,137.19181792432573
2025-11-26 11:01:58.890000,86942.3183287508,2907.210470993942,137.19181792432573
2025-11-26 11:02:05.266000,86942.3183287508,2913.7911142478765,137.19181792432573
2025-11-26 12:01:03.036000,86942.3183287508,2912.670526170785,137.19181792432573
2025-11-26 12:01:17.183000,86942.3183287508,2912.670526170785,136.78789324018592
2025-11-26 12:02:01.534000,87016.31004378395,2912.670526170785,136.78789324018592
2025-11-26 13:00:13.457000,87016.31004378395,2900.7717389644213,136.78789324018592
2025-11-26 13:02:09.436000,86597.45451490527,2900.7717389644213,136.78789324018592
2025-11-26 13:02:13.126000,86597.45451490527,2900.7717389644213,135.76200582476216
2025-11-26 14:02:25.412000,86597.45451490527,2929.4500215499897,135.76200582476216
2025-11-26 14:02:26.538000,87032.2237573809,2929.4500215499897,135.76200582476216
2025-11-26 14:02:26.550000,87032.2237573809,2929.4500215499897,136.44116551381626
2025-11-26 15:01:49.916000,86938.44033179866,2929.4500215499897,136.44116551381626
2025-11-26 15:01:57.342000,86938.44033179866,2924.986033852255,136.44116551381626
2025-11-26 15:01:57.417000,86938.44033179866,2924.986033852255,137.0156210880949
2025-11-26 16:01:01.256000,86900.39403850977,2924.986033852255,137.0156210880949
2025-11-26 16:01:01.441000,86900.39403850977,2924.453853164632,137.0156210880949
2025-11-26 16:03:41.672000,86900.39403850977,2924.453853164632,136.6127662847151
2025-11-26 17:00:35.512000,86900.39403850977,2924.453853164632,136.88376744333206
2025-11-26 17:01:09.751000,87816.9620054015,2924.453853164632,136.88376744333206
2025-11-26 17:01:09.760000,87816.9620054015,2946.578445402885,136.88376744333206
2025-11-26 18:01:55.210000,87816.9620054015,2946.578445402885,140.70126589827328
2025-11-26 18:02:13.510000,87816.9620054015,3018.7315933991604,140.70126589827328
2025-11-26 18:02:13.829000,89679.636920768,3018.7315933991604,140.70126589827328
2025-11-26 19:03:17.956000,89679.636920768,3032.320342339682,140.70126589827328
2025-11-26 19:03:19.021000,89679.636920768,3032.320342339682,144.3682518556277
2025-11-26 19:03:20.062000,90135.4617095681,3032.320342339682,144.3682518556277
2025-11-26 20:02:02.254000,90135.4617095681,3032.320342339682,144.17493456254346
2025-11-26 20:02:03.818000,90135.4617095681,3034.313113281528,144.17493456254346
2025-11-26 20:02:04.772000,89974.73440191097,3034.313113281528,144.17493456254346
2025-11-26 21:01:26.370000,89974.73440191097,3025.3006264370188,144.17493456254346
2025-11-26 21:01:27.721000,89974.73440191097,3025.3006264370188,142.95796845375034
2025-11-26 21:01:29.470000,89892.71151639915,3025.3006264370188,142.95796845375034
2025-11-26 22:01:09.927000,90177.58874212037,3025.3006264370188,142.95796845375034
2025-11-26 22:01:11.605000,90177.58874212037,3021.643821842016,142.95796845375034
2025-11-26 22:01:21.571000,90177.58874212037,3021.643821842016,143.72427164077965
2025-11-26 23:01:10.001000,90177.58874212037,3021.643821842016,143.0369304700432
2025-11-26 23:01:43.915000,90249.96897580563,3021.643821842016,143.0369304700432
2025-11-26 23:01:44.444000,90249.96897580563,3022.4832248446096,143.0369304700432
2025-11-27 00:01:52.160000,90249.96897580563,3027.477249132549,143.0369304700432
2025-11-27 00:02:09.946000,90474.22677969698,3027.477249132549,143.0369304700432
2025-11-27 00:02:21.798000,90474.22677969698,3027.477249132549,142.92252259467037
2025-11-27 01:00:45.907000,90443.99930725468,3027.477249132549,142.92252259467037
2025-11-27 01:00:54.243000,90443.99930725468,3027.477249132549,142.96783352391333
2025-11-27 01:01:08.274000,90443.99930725468,3034.959936891751,142.96783352391333
2025-11-27 02:01:50.868000,90672.63665569117,3034.959936891751,142.96783352391333
2025-11-27 02:01:50.893000,90672.63665569117,3036.666727613886,142.96783352391333
2025-11-27 02:01:51.521000,90672.63665569117,3036.666727613886,142.64488403184015
2025-11-27 03:02:15.498000,91587.21677348936,3036.666727613886,142.64488403184015
2025-11-27 03:02:16.335000,91587.21677348936,3040.90642521102,142.64488403184015
2025-11-27 03:02:17.397000,91587.21677348936,3040.90642521102,143.3411471613314
2025-11-27 04:01:51.630000,91587.21677348936,3040.90642521102,142.55159608468708
2025-11-27 04:01:55.859000,91587.21677348936,3032.785145048253,142.55159608468708
2025-11-27 04:03:17.999000,91164.9753359618,3032.785145048253,142.55159608468708
2025-11-27 05:01:31.668000,91263.33732195736,3032.785145048253,142.55159608468708
2025-11-27 05:01:49.202000,91263.33732195736,3032.785145048253,142.85339077025185
2025-11-27 05:01:57.272000,91263.33732195736,3039.65042641999,142.85339077025185
2025-11-27 06:01:17.573000,91263.33732195736,3022.945535031752,142.85339077025185
2025-11-27 06:01:32.517000,91263.33732195736,3022.945535031752,142.7175975932693
2025-11-27 06:01:53.908000,90939.97388637412,3022.945535031752,142.7175975932693
2025-11-27 07:02:30.301000,91200.42621055408,3022.945535031752,142.7175975932693
2025-11-27 07:02:31.787000,91200.42621055408,3025.200098370673,142.7175975932693
2025-11-27 07:02:32.922000,91200.42621055408,3025.200098370673,143.6770651683449
2025-11-27 08:01:05.939000,91381.43807412974,3025.200098370673,143.6770651683449
2025-11-27 08:01:05.954000,91381.43807412974,3025.200098370673,143.73754895021202
2025-11-27 08:01:05.970000,91381.43807412974,3032.897156157552,143.73754895021202
2025-11-27 09:02:58.443000,91478.05273667352,3032.897156157552,143.73754895021202
2025-11-27 09:02:59.904000,91478.05273667352,3032.897156157552,142.44417300260153
2025-11-27 09:03:07.317000,91478.05273667352,3026.358893295984,142.44417300260153
2025-11-27 10:01:24.042000,91478.05273667352,3030.3694774812325,142.44417300260153
2025-11-27 10:01:25.155000,91478.05273667352,3030.3694774812325,142.0116921757327
2025-11-27 10:01:34.794000,91576.58973024272,3030.3694774812325,142.0116921757327
2025-11-27 11:01:10.942000,91598.34021650812,3030.3694774812325,142.0116921757327
2025-11-27 11:01:11.972000,91598.34021650812,3030.3694774812325,142.17314341295872
2025-11-27 11:03:16.905000,91598.34021650812,3034.0874298969097,142.17314341295872
2025-11-27 12:01:27.618000,91376.7077706091,3034.0874298969097,142.17314341295872
2025-11-27 12:01:27.977000,91376.7077706091,3028.090417878539,142.17314341295872
2025-11-27 12:01:30.214000,91376.7077706091,3028.090417878539,142.05560928354816
2025-11-27 13:01:26.238000,91376.7077706091,2991.4300096361003,142.05560928354816
2025-11-27 13:01:26.413000,90987.79712414106,2991.4300096361003,142.05560928354816
2025-11-27 13:01:26.543000,90987.79712414106,2991.4300096361003,141.1372201918896
2025-11-27 14:02:18.440000,90905.09240108744,2991.4300096361003,141.1372201918896
2025-11-27 14:02:18.774000,90905.09240108744,2997.7083187480885,141.1372201918896
2025-11-27 14:02:20.431000,90905.09240108744,2997.7083187480885,141.28963179447896
2025-11-27 15:00:31.849000,90905.09240108744,2996.936659657759,141.28963179447896
2025-11-27 15:01:03.762000,90905.09240108744,2996.936659657759,141.30162514436074
2025-11-27 15:01:52.040000,90761.6833187102,2996.936659657759,141.30162514436074
2025-11-27 16:00:32.323000,90761.6833187102,3010.6326085304045,141.30162514436074
2025-11-27 16:00:38.081000,90761.6833187102,3010.6326085304045,142.22033372455678
2025-11-27 16:00:39.642000,90920.42601556463,3010.6326085304045,142.22033372455678
2025-11-27 17:00:36.195000,90920.42601556463,3020.9392665854016,142.22033372455678
2025-11-27 17:01:37.302000,90920.42601556463,3020.9392665854016,141.954331694503
2025-11-27 17:01:48.552000,91459.5055144962,3020.9392665854016,141.954331694503
2025-11-27 18:00:50.461000,91459.5055144962,3019.502238687148,141.954331694503
2025-11-27 18:00:56.012000,91459.5055144962,3019.502238687148,141.5693914645237
2025-11-27 18:02:24.545000,91442.5470438727,3019.502238687148,141.5693914645237
2025-11-27 19:01:29.160000,91442.5470438727,3019.502238687148,142.92396533069638
2025-11-27 19:01:43.947000,91804.82094206504,3019.502238687148,142.92396533069638
2025-11-27 19:01:45.489000,91804.82094206504,3035.8452585036925,142.92396533069638
2025-11-27 20:01:54.654000,91804.82094206504,3030.989139885929,142.92396533069638
2025-11-27 20:01:55.353000,91804.82094206504,3030.989139885929,142.68272490607796
2025-11-27 20:01:57.317000,91539.36768049354,3030.989139885929,142.68272490607796
2025-11-27 21:01:45.196000,91485.68637120655,3030.989139885929,142.68272490607796
2025-11-27 21:01:45.907000,91485.68637120655,3030.989139885929,142.6856235651747
2025-11-27 21:01:46.610000,91485.68637120655,3042.0036590590903,142.6856235651747
2025-11-27 22:00:14.712000,91473.72674753252,3042.0036590590903,142.6856235651747
2025-11-27 22:00:56.412000,91473.72674753252,3033.0047355593742,142.6856235651747
2025-11-27 22:01:43.885000,91473.72674753252,3033.0047355593742,141.96360450744658
2025-11-27 23:00:31.290000,91473.72674753252,3033.0047355593742,140.75190382774747
2025-11-27 23:00:34.704000,91312.76899397156,3033.0047355593742,140.75190382774747
2025-11-27 23:00:39.933000,91312.76899397156,3011.434661926886,140.75190382774747
2025-11-28 00:00:34.164000,91312.76899397156,3015.6118196920934,140.75190382774747
2025-11-28 00:01:12.804000,91312.76899397156,3015.6118196920934,140.84645123344353
2025-11-28 00:01:13.163000,91323.62827620257,3015.6118196920934,140.84645123344353
2025-11-28 01:01:58.919000,91132.0278089504,3015.6118196920934,140.84645123344353
2025-11-28 01:02:14.031000,91132.0278089504,3015.6118196920934,140.89853681985505
2025-11-28 01:02:23.208000,91132.0278089504,3013.652883045192,140.89853681985505
2025-11-28 02:02:41.847000,90811.0714191063,3013.652883045192,140.89853681985505
2025-11-28 02:02:43.490000,90811.0714191063,3013.652883045192,139.0773762063174
2025-11-28 02:02:49.620000,90811.0714191063,2998.8961391433586,139.0773762063174
2025-11-28 03:02:04.520000,91023.52004227442,2998.8961391433586,139.0773762063174
2025-11-28 03:02:15.657000,91023.52004227442,2998.8961391433586,139.34514423492024
2025-11-28 03:02:29.563000,91023.52004227442,3010.837386033304,139.34514423492024
2025-11-28 04:00:47.625000,91023.52004227442,3008.2234562692097,139.34514423492024
2025-11-28 04:01:03.955000,91194.97100263558,3008.2234562692097,139.34514423492024
2025-11-28 04:01:04.794000,91194.97100263558,3008.2234562692097,139.6421816309869
2025-11-28 05:01:44.678000,91194.97100263558,3016.943094393487,139.6421816309869
2025-11-28 05:01:55.278000,91194.97100263558,3016.943094393487,139.99054538241734
2025-11-28 05:01:55.792000,91427.0700290214,3016.943094393487,139.99054538241734
2025-11-28 06:00:50.872000,91427.0700290214,3023.727458354725,139.99054538241734
2025-11-28 06:01:11.778000,91427.0700290214,3023.727458354725,140.32490053280665
2025-11-28 06:01:16.678000,91622.80614870523,3023.727458354725,140.32490053280665
2025-11-28 07:01:58.028000,91357.40418771432,3023.727458354725,140.32490053280665
2025-11-28 07:01:58.347000,91357.40418771432,3011.4874956162184,140.32490053280665
2025-11-28 07:01:58.794000,91357.40418771432,3011.4874956162184,139.59025742389113
2025-11-28 08:02:01.491000,90914.78541547488,3011.4874956162184,139.59025742389113
2025-11-28 08:02:03.824000,90914.78541547488,3004.051366055536,139.59025742389113
2025-11-28 08:02:08.314000,90914.78541547488,3004.051366055536,139.2003803554073
2025-11-28 09:01:48.488000,90914.78541547488,3004.051366055536,141.19799223780907
2025-11-28 09:02:14.147000,90914.78541547488,3060.335215181214,141.19799223780907
2025-11-28 09:02:33.265000,91586.77543014656,3060.335215181214,141.19799223780907
2025-11-28 10:03:07.258000,91586.77543014656,3054.250482998829,141.19799223780907
2025-11-28 10:03:10.952000,91575.0569979346,3054.250482998829,141.19799223780907
2025-11-28 10:03:26.665000,91575.0569979346,3054.250482998829,141.6608962807285
2025-11-28 11:01:35.641000,91575.0569979346,3054.250482998829,142.06748296728722
2025-11-28 11:01:36.400000,91827.76941884054,3054.250482998829,142.06748296728722
2025-11-28 11:01:36.831000,91827.76941884054,3060.282384841825,142.06748296728722
2025-11-28 12:02:04.963000,91827.76941884054,3060.282384841825,140.95228673111336
2025-11-28 12:02:14.566000,91827.76941884054,3034.000309213119,140.95228673111336
2025-11-28 12:02:19.431000,91427.29692487956,3034.000309213119,140.95228673111336
2025-11-28 13:01:04.101000,91427.29692487956,3035.7657398119195,140.95228673111336
2025-11-28 13:01:11.214000,91427.29692487956,3035.7657398119195,140.85761533634923
2025-11-28 13:01:13.588000,91501.38254936752,3035.7657398119195,140.85761533634923
2025-11-28 14:02:28.210000,91501.38254936752,3035.7657398119195,142.35497291389495
2025-11-28 14:06:00.775000,91501.38254936752,3072.504105552809,142.35497291389495
2025-11-28 14:06:01.282000,92329.75218670673,3072.504105552809,142.35497291389495
2025-11-28 15:01:08.465000,92329.75218670673,3072.504105552809,142.51512925783297
2025-11-28 15:01:14.502000,92329.75218670673,3066.39117007026,142.51512925783297
2025-11-28 15:01:18.451000,92202.8635352892,3066.39117007026,142.51512925783297
2025-11-28 16:01:07.028000,92202.8635352892,3066.39117007026,141.53860525566762
2025-11-28 16:01:35.528000,92346.3518191028,3066.39117007026,141.53860525566762
2025-11-28 16:01:35.817000,92346.3518191028,3072.92085650585,141.53860525566762
2025-11-28 17:01:38.821000,92346.3518191028,3024.1523369214115,141.53860525566762
2025-11-28 17:01:51.063000,90916.07081958276,3024.1523369214115,141.53860525566762
2025-11-28 17:02:06.236000,90916.07081958276,3024.1523369214115,138.9275117012345
2025-11-28 18:01:36.966000,90916.07081958276,3024.1523369214115,137.46969666691393
2025-11-28 18:01:37.091000,90916.07081958276,3036.946260840324,137.46969666691393
2025-11-28 18:01:37.424000,90669.96401023648,3036.946260840324,137.46969666691393
2025-11-28 19:02:10.825000,90875.03116346477,3036.946260840324,137.46969666691393
2025-11-28 19:02:11.068000,90875.03116346477,3042.906227468831,137.46969666691393
2025-11-28 19:02:11.143000,90875.03116346477,3042.906227468831,137.05463100236798
2025-11-28 20:00:36.371000,90875.03116346477,3042.906227468831,137.56775876250796
2025-11-28 20:03:02.641000,91073.47626876216,3042.906227468831,137.56775876250796
2025-11-28 20:03:10.490000,91073.47626876216,3047.0219743288044,137.56775876250796
2025-11-28 21:01:39.193000,91073.47626876216,3047.0219743288044,137.88848314014456
2025-11-28 21:01:42.485000,91073.47626876216,3057.8095225485545,137.88848314014456
2025-11-28 21:01:43.307000,91214.6778806227,3057.8095225485545,137.88848314014456
2025-11-28 22:01:37.255000,91214.6778806227,3057.8095225485545,137.57771130955666
2025-11-28 22:01:53.561000,91004.2467183952,3057.8095225485545,137.57771130955666
2025-11-28 22:01:53.813000,91004.2467183952,3040.6638181757767,137.57771130955666
2025-11-28 23:01:17.139000,91004.2467183952,3040.256497385927,137.57771130955666
2025-11-28 23:02:08.241000,91004.2467183952,3040.256497385927,137.82877870929696
2025-11-28 23:02:09.984000,91127.20612080493,3040.256497385927,137.82877870929696
2025-11-29 00:01:18.417000,91127.20612080493,3040.256497385927,137.40059276029743
2025-11-29 00:01:37.002000,91127.20612080493,3033.135645414151,137.40059276029743
2025-11-29 00:01:37.178000,90904.86767344688,3033.135645414151,137.40059276029743
2025-11-29 01:01:56.735000,90904.86767344688,3033.135645414151,137.5937998748406
2025-11-29 01:01:57.219000,90904.86767344688,3037.6631529965894,137.5937998748406
2025-11-29 01:02:00.929000,90915.53889060776,3037.6631529965894,137.5937998748406
2025-11-29 02:00:19.772000,90903.54544934392,3037.6631529965894,137.5937998748406
2025-11-29 02:00:25.506000,90903.54544934392,3039.09552535408,137.5937998748406
2025-11-29 02:00:27.343000,90903.54544934392,3039.09552535408,137.46973043063775
2025-11-29 03:01:11.792000,90903.54544934392,3039.09552535408,137.21769691327827
2025-11-29 03:01:27.036000,90729.94558372116,3039.09552535408,137.21769691327827
2025-11-29 03:01:34.650000,90729.94558372116,3029.588420842273,137.21769691327827
2025-11-29 04:01:23.791000,90703.32205961774,3029.588420842273,137.21769691327827
2025-11-29 04:01:24.088000,90703.32205961774,3023.7111363457493,137.21769691327827
2025-11-29 04:01:24.559000,90703.32205961774,3023.7111363457493,136.91342653713406
2025-11-29 05:00:25.781000,90703.32205961774,3034.6284531340225,136.91342653713406
2025-11-29 05:00:33.945000,90703.32205961774,3034.6284531340225,137.4199992221507
2025-11-29 05:01:02.393000,90832.4052273384,3034.6284531340225,137.4199992221507
2025-11-29 06:01:57.440000,90832.4052273384,3033.206805417268,137.4199992221507
2025-11-29 06:02:38.222000,90760.4341509966,3033.206805417268,137.4199992221507
2025-11-29 06:02:46.402000,90760.4341509966,3033.206805417268,137.25518040672398
2025-11-29 07:00:58.964000,90577.3016032145,3033.206805417268,137.25518040672398
2025-11-29 07:00:59.595000,90577.3016032145,3008.3917073377183,137.25518040672398
2025-11-29 07:01:10.428000,90577.3016032145,3008.3917073377183,137.0501699257212
2025-11-29 08:01:06.343000,90577.3016032145,3008.3917073377183,137.31053623874246
2025-11-29 08:01:07.404000,90566.64547606678,3008.3917073377183,137.31053623874246
2025-11-29 08:01:08.471000,90566.64547606678,3004.8646353710133,137.31053623874246
2025-11-29 09:02:24.687000,90656.69077727084,3004.8646353710133,137.31053623874246
2025-11-29 09:02:25.293000,90656.69077727084,3010.024295440982,137.31053623874246
2025-11-29 09:02:26.916000,90656.69077727084,3010.024295440982,136.96177537220885
2025-11-29 10:02:06.465000,90656.69077727084,3002.656075089537,136.96177537220885
2025-11-29 10:02:08.002000,90570.83431220287,3002.656075089537,136.96177537220885
2025-11-29 10:02:39.269000,90570.83431220287,3002.656075089537,136.68593249704497
2025-11-29 11:02:09.650000,90570.83431220287,2999.788379891447,136.68593249704497
2025-11-29 11:02:22.577000,90570.90074621874,2999.788379891447,136.68593249704497
2025-11-29 11:02:28.874000,90570.90074621874,2999.788379891447,136.93243353262895
2025-11-29 12:00:47.127000,90570.90074621874,3000.986345715244,136.93243353262895
2025-11-29 12:00:47.549000,90570.90074621874,3000.986345715244,137.34664233569353
2025-11-29 12:01:59.610000,90682.38876677728,3000.986345715244,137.34664233569353
2025-11-29 13:01:42.166000,90643.8376287508,3000.986345715244,137.34664233569353
2025-11-29 13:01:42.622000,90643.8376287508,2997.7140667909166,137.34664233569353
2025-11-29 13:01:43.014000,90643.8376287508,2997.7140667909166,136.99659361583625
2025-11-29 14:01:20.757000,90643.8376287508,2999.218231846808,136.99659361583625
2025-11-29 14:01:22.201000,90643.8376287508,2999.218231846808,136.9248680723643
2025-11-29 14:01:24.062000,90792.77747104313,2999.218231846808,136.9248680723643
2025-11-29 15:02:01.549000,90792.77747104313,2988.95841647194,136.9248680723643
2025-11-29 15:02:09.359000,90657.75590554604,2988.95841647194,136.9248680723643
2025-11-29 15:02:10.359000,90657.75590554604,2988.95841647194,136.6708224118418
2025-11-29 16:01:13.981000,90657.75590554604,2988.95841647194,137.48747132540336
2025-11-29 16:01:27.794000,91040.54640850972,2988.95841647194,137.48747132540336
2025-11-29 16:01:28.159000,91040.54640850972,3007.3841335094107,137.48747132540336
2025-11-29 17:00:16.016000,91040.54640850972,3003.463938139528,137.48747132540336
2025-11-29 17:00:22.661000,91040.54640850972,3003.463938139528,137.67191467612548
2025-11-29 17:02:02.061000,91010.85460130044,3003.463938139528,137.67191467612548
2025-11-29 18:00:02.821000,90475.97662592628,3003.463938139528,137.67191467612548
2025-11-29 18:02:18.788000,90475.97662592628,2972.595710126512,137.67191467612548
2025-11-29 18:02:19.408000,90475.97662592628,2972.595710126512,136.36854858825086
2025-11-29 19:01:54.879000,90712.0028373462,2972.595710126512,136.36854858825086
2025-11-29 19:01:54.915000,90712.0028373462,2995.6770369312326,136.36854858825086
2025-11-29 19:01:54.957000,90712.0028373462,2995.6770369312326,135.7247084475853
2025-11-29 20:00:21.637000,90673.14817788692,2995.6770369312326,135.7247084475853
2025-11-29 20:01:42.893000,90673.14817788692,2988.8300312273086,135.7247084475853
2025-11-29 20:02:00.767000,90673.14817788692,2988.8300312273086,135.7719551354518
2025-11-29 21:01:45.754000,90673.14817788692,2996.527931109484,135.7719551354518
2025-11-29 21:01:48.023000,90673.14817788692,2996.527931109484,136.12629211352217
2025-11-29 21:01:48.862000,90947.02454728536,2996.527931109484,136.12629211352217
2025-11-29 22:01:46.724000,90947.02454728536,2996.527931109484,136.47127874391322
2025-11-29 22:01:48.694000,90947.02454728536,2994.8762103607105,136.47127874391322
2025-11-29 22:01:54.826000,91032.09673034618,2994.8762103607105,136.47127874391322
2025-11-29 23:01:03.292000,90788.7597853794,2994.8762103607105,136.47127874391322
2025-11-29 23:01:10.968000,90788.7597853794,2989.5765006910274,136.47127874391322
2025-11-29 23:01:39.314000,90788.7597853794,2989.5765006910274,135.87117435133692
2025-11-30 00:00:33.194000,90788.7597853794,2989.6497957851875,135.87117435133692
2025-11-30 00:01:43.561000,90788.7597853794,2989.6497957851875,136.08875145366935
2025-11-30 00:01:44.728000,90841.45258193676,2989.6497957851875,136.08875145366935
2025-11-30 01:02:05.011000,90841.45258193676,2989.6497957851875,135.98324105427977
2025-11-30 01:02:06.184000,90869.67603539712,2989.6497957851875,135.98324105427977
2025-11-30 01:02:06.701000,90869.67603539712,2996.959093008609,135.98324105427977
2025-11-30 02:01:37.489000,90938.30683585707,2996.959093008609,135.98324105427977
2025-11-30 02:01:39.003000,90938.30683585707,3005.748040088813,135.98324105427977
2025-11-30 02:01:40.078000,90938.30683585707,3005.748040088813,136.35935209203222
2025-11-30 03:01:33.047000,90938.30683585707,2992.0156451657394,136.35935209203222
2025-11-30 03:01:42.923000,90938.30683585707,2992.0156451657394,135.95339336267324
2025-11-30 03:01:43.000000,90802.75505671404,2992.0156451657394,135.95339336267324
2025-11-30 04:01:46.305000,90802.75505671404,3002.368989935004,135.95339336267324
2025-11-30 04:01:46.360000,90802.75505671404,3002.368989935004,136.37092230715953
2025-11-30 04:01:47.175000,90892.89987772268,3002.368989935004,136.37092230715953
2025-11-30 05:01:33.560000,90892.89987772268,2998.687663238271,136.37092230715953
2025-11-30 05:01:41.808000,90892.89987772268,2998.687663238271,136.36744217727588
2025-11-30 05:01:42.096000,90858.18783526497,2998.687663238271,136.36744217727588
2025-11-30 06:01:42.600000,90858.18783526497,2992.677930362084,136.36744217727588
2025-11-30 06:01:42.896000,90858.18783526497,2992.677930362084,135.8654780020985
2025-11-30 06:01:46.889000,90820.86657093187,2992.677930362084,135.8654780020985
2025-11-30 07:01:39.569000,90820.86657093187,2992.677930362084,136.36326447837473
2025-11-30 07:01:41.799000,90901.61050740648,2992.677930362084,136.36326447837473
2025-11-30 07:01:42.603000,90901.61050740648,2998.1315272158818,136.36326447837473
2025-11-30 08:00:46.757000,90901.61050740648,2998.1315272158818,136.53947098860863
2025-11-30 08:01:06.347000,90980.08369172398,2998.1315272158818,136.53947098860863
2025-11-30 08:01:46.976000,90980.08369172398,3005.76690692482,136.53947098860863
2025-11-30 09:01:47.587000,90980.08369172398,3006.660794691906,136.53947098860863
2025-11-30 09:01:49.670000,90980.08369172398,3006.660794691906,136.7756171740388
2025-11-30 09:01:51.376000,91245.5298446914,3006.660794691906,136.7756171740388
2025-11-30 10:01:03.792000,91245.5298446914,3010.457240538004,136.7756171740388
2025-11-30 10:01:06.931000,91415.59812963865,3010.457240538004,136.7756171740388
2025-11-30 10:01:37.225000,91415.59812963865,3010.457240538004,136.72172919607826
2025-11-30 11:01:39.255000,91415.59812963865,3009.750263451871,136.72172919607826
2025-11-30 11:01:44.938000,91415.59812963865,3009.750263451871,136.69798993986063
2025-11-30 11:01:47.011000,91250.35811895505,3009.750263451871,136.69798993986063
2025-11-30 12:01:55.749000,91080.50963597072,3009.750263451871,136.69798993986063
2025-11-30 12:02:05.365000,91080.50963597072,3009.750263451871,136.45619748067233
2025-11-30 12:02:05.405000,91080.50963597072,3004.234117849136,136.45619748067233
2025-11-30 13:00:11.810000,91435.84477550916,3004.234117849136,136.45619748067233
2025-11-30 13:00:32.399000,91435.84477550916,3026.881019788104,136.45619748067233
2025-11-30 13:01:57.179000,91435.84477550916,3026.881019788104,137.4833002231738
2025-11-30 14:04:38.569000,91435.84477550916,3049.209070185915,137.4833002231738
2025-11-30 14:05:03.722000,91435.84477550916,3049.209070185915,139.2054846722336
2025-11-30 14:06:03.272000,91751.81702045338,3049.209070185915,139.2054846722336
2025-11-30 15:02:00.950000,91751.81702045338,3049.209070185915,138.38349587546188
2025-11-30 15:02:02.364000,91446.98814551288,3049.209070185915,138.38349587546188
2025-11-30 15:02:02.873000,91446.98814551288,3034.7820885116585,138.38349587546188
2025-11-30 16:01:49.199000,91475.5890645801,3034.7820885116585,138.38349587546188
2025-11-30 16:01:49.220000,91475.5890645801,3028.1658564161344,138.38349587546188
2025-11-30 16:01:49.419000,91475.5890645801,3028.1658564161344,138.22526526466328
2025-11-30 17:01:42.844000,91475.5890645801,3028.1658564161344,139.65192388188618
2025-11-30 17:01:52.123000,91475.5890645801,3046.1575476597177,139.65192388188618
2025-11-30 17:01:58.700000,91814.62353308922,3046.1575476597177,139.65192388188618
2025-11-30 18:01:32.808000,91477.54598695686,3046.1575476597177,139.65192388188618
2025-11-30 18:01:36.329000,91477.54598695686,3046.1575476597177,138.46192386182443
2025-11-30 18:01:44.994000,91477.54598695686,3039.986271831452,138.46192386182443
2025-11-30 19:01:55.204000,91455.111376885,3039.986271831452,138.46192386182443
2025-11-30 19:01:55.344000,91455.111376885,3036.946954209921,138.46192386182443
2025-11-30 19:01:55.705000,91455.111376885,3036.946954209921,138.45310132340083
2025-11-30 20:06:31.758000,91440.20549816827,3036.946954209921,138.45310132340083
2025-11-30 20:06:31.781000,91440.20549816827,3035.707058132288,138.45310132340083
2025-11-30 20:06:31.927000,91440.20549816827,3035.707058132288,137.64932558272884
2025-11-30 21:01:42.358000,91440.20549816827,3035.707058132288,137.2532657001861
2025-11-30 21:01:45.506000,91440.20549816827,3028.78272155379,137.2532657001861
2025-11-30 21:01:45.616000,91314.55693607977,3028.78272155379,137.2532657001861
2025-11-30 22:01:29.125000,91176.29202753108,3028.78272155379,137.2532657001861
2025-11-30 22:01:30.234000,91176.29202753108,3022.320819227035,137.2532657001861
2025-11-30 22:01:30.569000,91176.29202753108,3022.320819227035,137.04137078385412
2025-11-30 23:01:45.777000,91159.28211972128,3022.320819227035,137.04137078385412
2025-11-30 23:01:47.559000,91159.28211972128,3028.423928716716,137.04137078385412
2025-11-30 23:01:47.706000,91159.28211972128,3028.423928716716,137.4333493421677
2025-12-01 00:00:18.460000,91159.28211972128,2992.8341859495977,137.4333493421677
2025-12-01 00:01:22.190000,91159.28211972128,2992.8341859495977,133.82640627084265
2025-12-01 00:01:37.764000,90359.86873169734,2992.8341859495977,133.82640627084265
2025-12-01 01:00:23.675000,87107.57804601092,2992.8341859495977,133.82640627084265
2025-12-01 01:00:25.422000,87107.57804601092,2992.8341859495977,128.1069233604956
2025-12-01 01:02:03.588000,87107.57804601092,2835.9897717977774,128.1069233604956
2025-12-01 02:00:52.733000,87107.57804601092,2835.9897717977774,128.01199713354833
2025-12-01 02:01:33.706000,87209.3202760441,2835.9897717977774,128.01199713354833
2025-12-01 02:01:34.141000,87209.3202760441,2851.452485330989,128.01199713354833
2025-12-01 03:01:56.141000,86607.95806802201,2851.452485330989,128.01199713354833
2025-12-01 03:01:58.015000,86607.95806802201,2841.153827431813,128.01199713354833
2025-12-01 03:01:59.144000,86607.95806802201,2841.153827431813,127.72604570524176
2025-12-01 04:01:12.491000,86347.62398034424,2841.153827431813,127.72604570524176
2025-12-01 04:03:05.923000,86347.62398034424,2825.2971249263783,127.72604570524176
2025-12-01 04:03:09.155000,86347.62398034424,2825.2971249263783,126.99759735449751
2025-12-01 05:01:19.897000,86347.62398034424,2821.5655640465543,126.99759735449751
2025-12-01 05:01:23.532000,85788.16096067103,2821.5655640465543,126.99759735449751
2025-12-01 05:01:58.867000,85788.16096067103,2821.5655640465543,126.38940178779696
2025-12-01 06:01:49.854000,85996.54791593562,2821.5655640465543,126.38940178779696
2025-12-01 06:01:50.513000,85996.54791593562,2828.2239421541994,126.38940178779696
2025-12-01 06:01:53.342000,85996.54791593562,2828.2239421541994,126.14372331856498
2025-12-01 07:02:50.763000,85996.54791593562,2824.315380121469,126.14372331856498
2025-12-01 07:02:54.272000,85996.54791593562,2824.315380121469,126.631950439116
2025-12-01 07:02:56.393000,86248.96829120435,2824.315380121469,126.631950439116
2025-12-01 08:01:10.978000,86248.96829120435,2839.6944955044764,126.631950439116
2025-12-01 08:01:16.362000,86509.66964426964,2839.6944955044764,126.631950439116
2025-12-01 08:01:17.142000,86509.66964426964,2839.6944955044764,127.28751953742815
2025-12-01 09:01:16.835000,86509.66964426964,2838.3493998954973,127.28751953742815
2025-12-01 09:01:17.511000,86509.66964426964,2838.3493998954973,127.64670530626388
2025-12-01 09:01:34.825000,86828.86588088673,2838.3493998954973,127.64670530626388
2025-12-01 10:01:16.412000,86711.05550833189,2838.3493998954973,127.64670530626388
2025-12-01 10:01:16.980000,86711.05550833189,2839.88355717161,127.64670530626388
2025-12-01 10:01:19.223000,86711.05550833189,2839.88355717161,126.98704955849816
2025-12-01 11:00:36.483000,86711.05550833189,2843.7008451954457,126.98704955849816
2025-12-01 11:00:37.321000,86711.05550833189,2843.7008451954457,127.1002079836058
2025-12-01 11:01:38.712000,86632.27972318193,2843.7008451954457,127.1002079836058
2025-12-01 12:00:21.857000,86632.27972318193,2843.7008451954457,127.09023026358356
2025-12-01 12:03:45.462000,86262.5310475135,2843.7008451954457,127.09023026358356
2025-12-01 12:03:46.036000,86262.5310475135,2838.6443712307328,127.09023026358356
2025-12-01 13:00:38.886000,86262.5310475135,2823.2105022339,127.09023026358356
2025-12-01 13:01:06.990000,85452.87201488385,2823.2105022339,127.09023026358356
2025-12-01 13:01:08.039000,85452.87201488385,2823.2105022339,126.63119353758955
2025-12-01 14:06:06.157000,85452.87201488385,2823.2105022339,126.46459505648194
2025-12-01 14:06:47.840000,85992.51478024718,2823.2105022339,126.46459505648194
2025-12-01 14:06:54.192000,85992.51478024718,2818.34049219424,126.46459505648194
2025-12-01 15:00:37.266000,85992.51478024718,2810.429356268784,126.46459505648194
2025-12-01 15:01:44.306000,85992.51478024718,2810.429356268784,126.1454280203262
2025-12-01 15:01:55.257000,86023.91194853347,2810.429356268784,126.1454280203262
2025-12-01 16:00:19.782000,86023.91194853347,2810.429356268784,125.20721662672386
2025-12-01 16:00:21.331000,84634.95418600549,2810.429356268784,125.20721662672386
2025-12-01 16:02:52.985000,84634.95418600549,2751.38796659262,125.20721662672386
2025-12-01 17:01:44.924000,84553.51608407828,2751.38796659262,125.20721662672386
2025-12-01 17:02:33.862000,84553.51608407828,2736.0108494110395,125.20721662672386
2025-12-01 17:02:37.088000,84553.51608407828,2736.0108494110395,123.64348311018134
2025-12-01 18:00:47.718000,84958.90011684994,2736.0108494110395,123.64348311018134
2025-12-01 18:01:15.203000,84958.90011684994,2740.4152542964084,123.64348311018134
2025-12-01 18:02:13.679000,84958.90011684994,2740.4152542964084,124.57398553532644
2025-12-01 19:01:11.779000,84958.90011684994,2750.623813618889,124.57398553532644
2025-12-01 19:02:02.640000,84958.90011684994,2750.623813618889,124.3600569799052
2025-12-01 19:02:06.827000,85230.8975559526,2750.623813618889,124.3600569799052
2025-12-01 20:00:12.109000,85003.07161606019,2750.623813618889,124.3600569799052
2025-12-01 20:00:20.435000,85003.07161606019,2739.998599158972,124.3600569799052
2025-12-01 20:00:24.891000,85003.07161606019,2739.998599158972,123.87041537027469
2025-12-01 21:00:59.716000,85003.07161606019,2739.998599158972,124.542419510823
2025-12-01 21:02:13.587000,85607.92665356252,2739.998599158972,124.542419510823
2025-12-01 21:02:17.409000,85607.92665356252,2761.830486203416,124.542419510823
2025-12-01 22:01:22.493000,85607.92665356252,2788.563839801177,124.542419510823
2025-12-01 22:01:39.818000,86425.82291576332,2788.563839801177,124.542419510823
2025-12-01 22:01:40.562000,86425.82291576332,2788.563839801177,125.7786825903228
2025-12-01 23:01:40.182000,86642.17601166596,2788.563839801177,125.7786825903228
2025-12-01 23:01:40.573000,86642.17601166596,2800.066179871634,125.7786825903228
2025-12-01 23:01:41.318000,86642.17601166596,2800.066179871634,127.0503393648942
2025-12-02 00:01:32.857000,86642.17601166596,2799.0367919901605,127.0503393648942
2025-12-02 00:01:37.516000,86642.17601166596,2799.0367919901605,126.74719818442522
2025-12-02 00:01:47.684000,86281.49519776918,2799.0367919901605,126.74719818442522
2025-12-02 01:02:18.530000,86281.49519776918,2794.5607592511747,126.74719818442522
2025-12-02 01:02:21.034000,86589.01329234689,2794.5607592511747,126.74719818442522
2025-12-02 01:02:23.022000,86589.01329234689,2794.5607592511747,127.1985926705742
2025-12-02 02:01:09.099000,86431.01161842069,2794.5607592511747,127.1985926705742
2025-12-02 02:01:13.102000,86431.01161842069,2794.750093811572,127.1985926705742
2025-12-02 02:08:06.216000,86431.01161842069,2794.750093811572,127.00393966318757
2025-12-02 03:01:40.306000,86431.01161842069,2794.750093811572,127.3655589290062
2025-12-02 03:02:07.303000,86431.01161842069,2804.1367923157604,127.3655589290062
2025-12-02 03:02:21.690000,86639.7190996139,2804.1367923157604,127.3655589290062
2025-12-02 04:01:16.661000,86639.7190996139,2804.972942725627,127.3655589290062
2025-12-02 04:01:16.835000,86639.7190996139,2804.972942725627,127.3275063177984
2025-12-02 04:01:18.699000,86979.2416342632,2804.972942725627,127.3275063177984
2025-12-02 05:01:16.075000,86979.2416342632,2807.376697514469,127.3275063177984
2025-12-02 05:01:29.123000,86979.2416342632,2807.376697514469,127.20671659384053
2025-12-02 05:01:34.649000,86999.26753257588,2807.376697514469,127.20671659384053
2025-12-02 06:02:12.208000,86999.26753257588,2802.1698700225083,127.20671659384053
2025-12-02 06:02:14.566000,87009.82948356986,2802.1698700225083,127.20671659384053
2025-12-02 06:02:17.181000,87009.82948356986,2802.1698700225083,126.77195452103628
2025-12-02 07:01:11.883000,87009.82948356986,2812.806679533729,126.77195452103628
2025-12-02 07:01:12.835000,87009.82948356986,2812.806679533729,127.6944360994246
2025-12-02 07:01:33.107000,87094.35617736231,2812.806679533729,127.6944360994246
2025-12-02 08:00:55.692000,87094.35617736231,2806.3504019840325,127.6944360994246
2025-12-02 08:00:59.743000,87032.32838561568,2806.3504019840325,127.6944360994246
2025-12-02 08:01:01.396000,87032.32838561568,2806.3504019840325,127.16413658651648
2025-12-02 09:00:12.435000,86418.6233251056,2806.3504019840325,127.16413658651648
2025-12-02 09:00:26.312000,86418.6233251056,2806.3504019840325,126.16218414446986
2025-12-02 09:01:01.968000,86418.6233251056,2796.800834992008,126.16218414446986
2025-12-02 10:01:53.811000,86789.61201168034,2796.800834992008,126.16218414446986
2025-12-02 10:01:54.186000,86789.61201168034,2799.719928172288,126.16218414446986
2025-12-02 10:01:54.337000,86789.61201168034,2799.719928172288,126.81938988318252
2025-12-02 11:02:17.270000,86789.61201168034,2799.719928172288,128.3627315652832
2025-12-02 11:02:24.800000,86789.61201168034,2826.345202906178,128.3627315652832
2025-12-02 11:02:31.516000,87283.4200046968,2826.345202906178,128.3627315652832
2025-12-02 12:01:11.442000,87283.4200046968,2826.885024621273,128.3627315652832
2025-12-02 12:01:42.186000,87283.4200046968,2826.885024621273,128.32277525777764
2025-12-02 12:02:17.206000,87372.145785899,2826.885024621273,128.32277525777764
2025-12-02 13:02:35.212000,87372.145785899,2826.885024621273,128.7382203766637
2025-12-02 13:02:38.215000,87310.28717151324,2826.885024621273,128.7382203766637
2025-12-02 13:02:38.709000,87310.28717151324,2825.301864711149,128.7382203766637
2025-12-02 14:00:09.558000,87310.28717151324,2840.780495539455,128.7382203766637
2025-12-02 14:01:08.912000,87310.28717151324,2840.780495539455,130.64738269931703
2025-12-02 14:01:08.949000,87676.27574943205,2840.780495539455,130.64738269931703
2025-12-02 15:01:06.824000,89212.56733407508,2840.780495539455,130.64738269931703
2025-12-02 15:01:06.990000,89212.56733407508,2840.780495539455,132.83832695594202
2025-12-02 15:01:57.252000,89212.56733407508,2890.1238144012623,132.83832695594202
2025-12-02 16:01:15.131000,89212.56733407508,3008.616165599861,132.83832695594202
2025-12-02 16:01:15.698000,89212.56733407508,3008.616165599861,138.07416954417366
2025-12-02 16:01:17.240000,90929.17033076796,3008.616165599861,138.07416954417366
2025-12-02 17:01:34.474000,90929.17033076796,2998.270036729145,138.07416954417366
2025-12-02 17:02:07.535000,90988.35289671064,2998.270036729145,138.07416954417366
2025-12-02 17:02:07.590000,90988.35289671064,2998.270036729145,139.2328520911178
2025-12-02 18:02:35.335000,91516.49010026302,2998.270036729145,139.2328520911178
2025-12-02 18:02:36.423000,91516.49010026302,2998.270036729145,139.613398077441
2025-12-02 18:02:36.472000,91516.49010026302,3019.1929694987543,139.613398077441
2025-12-02 19:02:46.493000,91516.49010026302,3019.1929694987543,139.87266045400992
2025-12-02 19:02:48.191000,92003.14962051474,3019.1929694987543,139.87266045400992
2025-12-02 19:02:48.310000,92003.14962051474,3014.9148404147263,139.87266045400992
2025-12-02 20:02:58.455000,91925.7686665393,3014.9148404147263,139.87266045400992
2025-12-02 20:03:28.812000,91925.7686665393,3016.603862723867,139.87266045400992
2025-12-02 20:05:04.141000,91925.7686665393,3016.603862723867,140.25921391421818
2025-12-02 21:00:28.255000,91925.7686665393,2983.294347770373,140.25921391421818
2025-12-02 21:01:09.124000,91925.7686665393,2983.294347770373,138.7135849153517
2025-12-02 21:01:51.279000,91006.60257571642,2983.294347770373,138.7135849153517
2025-12-02 22:01:37.541000,91642.26634875844,2983.294347770373,138.7135849153517
2025-12-02 22:01:38.229000,91642.26634875844,2994.8951554637506,138.7135849153517
2025-12-02 22:01:41.695000,91642.26634875844,2994.8951554637506,138.92964659048607
2025-12-02 23:01:33.013000,91642.26634875844,3017.3720325477584,138.92964659048607
2025-12-02 23:01:45.274000,91972.84712515515,3017.3720325477584,138.92964659048607
2025-12-02 23:01:45.961000,91972.84712515515,3017.3720325477584,139.78151352181186
2025-12-03 00:01:09.377000,91972.84712515515,3017.3720325477584,138.67222008976705
2025-12-03 00:01:16.399000,91320.07942505728,3017.3720325477584,138.67222008976705
2025-12-03 00:01:26.213000,91320.07942505728,2997.602427194639,138.67222008976705
2025-12-03 01:00:36.134000,91320.07942505728,2997.602427194639,138.31463648452572
2025-12-03 01:00:50.153000,91587.10768114812,2997.602427194639,138.31463648452572
2025-12-03 01:00:52.007000,91587.10768114812,3004.1952039031494,138.31463648452572
2025-12-03 02:05:33.767000,92305.80571530102,3004.1952039031494,138.31463648452572
2025-12-03 02:06:00.167000,92305.80571530102,3023.6878006063,138.31463648452572
2025-12-03 02:06:00.440000,92305.80571530102,3023.6878006063,138.7745927726701
2025-12-03 03:00:11.543000,92305.80571530102,3033.651492300093,138.7745927726701
2025-12-03 03:00:23.623000,92305.80571530102,3033.651492300093,139.99575271641538
2025-12-03 03:00:38.985000,92804.99277281488,3033.651492300093,139.99575271641538
2025-12-03 04:00:20.628000,92694.94244803756,3033.651492300093,139.99575271641538
2025-12-03 04:00:33.519000,92694.94244803756,3032.163337073482,139.99575271641538
2025-12-03 04:00:37.248000,92694.94244803756,3032.163337073482,140.35589693209403
2025-12-03 05:00:49.105000,92694.94244803756,3057.372636763805,140.35589693209403
2025-12-03 05:00:49.239000,92694.94244803756,3057.372636763805,142.23819162380192
2025-12-03 05:02:13.476000,93148.20270941404,3057.372636763805,142.23819162380192
2025-12-03 06:03:08.955000,93673.50779118964,3057.372636763805,142.23819162380192
2025-12-03 06:03:09.647000,93673.50779118964,3059.4781822319487,142.23819162380192
2025-12-03 06:03:12.345000,93673.50779118964,3059.4781822319487,143.0217335062413
2025-12-03 07:02:36.554000,93405.41156538976,3059.4781822319487,143.0217335062413
2025-12-03 07:02:44.051000,93405.41156538976,3059.4781822319487,142.42806197086816
2025-12-03 07:02:45.175000,93405.41156538976,3066.078711883069,142.42806197086816
2025-12-03 08:00:35.695000,92997.38296608128,3066.078711883069,142.42806197086816
2025-12-03 08:00:43.455000,92997.38296608128,3066.078711883069,142.0562167348723
2025-12-03 08:03:02.594000,92997.38296608128,3061.289868556398,142.0562167348723
2025-12-03 09:01:10.781000,92997.38296608128,3051.3402822593216,142.0562167348723
2025-12-03 09:01:11.497000,92997.38296608128,3051.3402822593216,142.16909753529407
2025-12-03 09:01:24.321000,92758.94715524408,3051.3402822593216,142.16909753529407
2025-12-03 10:06:26.703000,93187.76365353932,3051.3402822593216,142.16909753529407
2025-12-03 10:06:27.440000,93187.76365353932,3060.488672605812,142.16909753529407
2025-12-03 10:06:36.299000,93187.76365353932,3060.488672605812,142.03771724490863
2025-12-03 11:01:30.043000,93187.76365353932,3060.488672605812,141.4348683817232
2025-12-03 11:02:15.401000,92967.95172916472,3060.488672605812,141.4348683817232
2025-12-03 11:04:06.132000,92967.95172916472,3058.5894431755346,141.4348683817232
2025-12-03 12:00:46.403000,92967.95172916472,3073.294438767537,141.4348683817232
2025-12-03 12:00:53.482000,93014.56287493998,3073.294438767537,141.4348683817232
2025-12-03 12:01:43.727000,93014.56287493998,3073.294438767537,141.67677984730355
2025-12-03 13:01:40.630000,93014.56287493998,3073.294438767537,141.9308547516881
2025-12-03 13:01:45.992000,93014.56287493998,3081.678097624113,141.9308547516881
2025-12-03 13:01:52.008000,92955.9934046737,3081.678097624113,141.9308547516881
2025-12-03 14:00:36.892000,92955.9934046737,3090.4728733612587,141.9308547516881
2025-12-03 14:01:03.337000,93155.5710477267,3090.4728733612587,141.9308547516881
2025-12-03 14:01:24.023000,93155.5710477267,3090.4728733612587,141.862396114114
2025-12-03 15:02:42.538000,92689.18467540754,3090.4728733612587,141.862396114114
2025-12-03 15:02:42.685000,92689.18467540754,3088.6239745924463,141.862396114114
2025-12-03 15:02:43.417000,92689.18467540754,3088.6239745924463,141.7265109827063
2025-12-03 16:02:09.138000,92462.71285159404,3088.6239745924463,141.7265109827063
2025-12-03 16:02:27.901000,92462.71285159404,3082.859239994965,141.7265109827063
2025-12-03 16:03:00.607000,92462.71285159404,3082.859239994965,141.17719578792466
2025-12-03 17:00:13.704000,92462.71285159404,3095.633776762857,141.17719578792466
2025-12-03 17:01:49.791000,92462.71285159404,3095.633776762857,141.2136571337747
2025-12-03 17:02:38.528000,92358.91089703524,3095.633776762857,141.2136571337747
2025-12-03 18:01:03.532000,92358.91089703524,3129.884822842987,141.2136571337747
2025-12-03 18:01:08.297000,92358.91089703524,3129.884822842987,141.94200474084386
2025-12-03 18:01:54.395000,92991.3404693352,3129.884822842987,141.94200474084386
2025-12-03 19:02:37.003000,92991.3404693352,3115.752082640604,141.94200474084386
2025-12-03 19:02:53.082000,92991.3404693352,3115.752082640604,141.17277350198506
2025-12-03 19:02:53.801000,92701.01925701783,3115.752082640604,141.17277350198506
2025-12-03 20:01:06.930000,92701.01925701783,3115.752082640604,141.32401733876793
2025-12-03 20:01:08.452000,92701.01925701783,3129.086642262008,141.32401733876793
2025-12-03 20:01:08.543000,93042.76426891204,3129.086642262008,141.32401733876793
2025-12-03 21:00:35.634000,93042.76426891204,3129.086642262008,141.56819113267954
2025-12-03 21:00:49.822000,93042.76426891204,3136.87576079896,141.56819113267954
2025-12-03 21:01:48.440000,92956.21718894964,3136.87576079896,141.56819113267954
2025-12-03 22:01:20.998000,92956.21718894964,3136.87576079896,144.80490010415087
2025-12-03 22:02:39.744000,92956.21718894964,3165.710353031727,144.80490010415087
2025-12-03 22:02:59.991000,93748.59078386276,3165.710353031727,144.80490010415087
2025-12-03 23:01:42.091000,93717.47149577878,3165.710353031727,144.80490010415087
2025-12-03 23:01:42.207000,93717.47149577878,3181.828530684049,144.80490010415087
2025-12-03 23:01:42.243000,93717.47149577878,3181.828530684049,144.37814223466768
2025-12-04 00:02:09.257000,93717.47149577878,3181.828530684049,144.82904690237106
2025-12-04 00:02:13.682000,93428.59451478458,3181.828530684049,144.82904690237106
2025-12-04 00:02:16.558000,93428.59451478458,3188.8819447300766,144.82904690237106
2025-12-04 01:02:44.145000,93035.40920589629,3188.8819447300766,144.82904690237106
2025-12-04 01:02:50.709000,93035.40920589629,3188.8819447300766,145.01978664059118
2025-12-04 01:02:56.046000,93035.40920589629,3197.304102878561,145.01978664059118
2025-12-04 02:00:55.705000,93035.40920589629,3203.169028604192,145.01978664059118
2025-12-04 02:01:10.218000,93194.86563225764,3203.169028604192,145.01978664059118
2025-12-04 02:01:11.456000,93194.86563225764,3203.169028604192,144.32996499359814
2025-12-04 03:01:35.682000,93194.86563225764,3203.169028604192,145.64329060517505
2025-12-04 03:01:44.947000,93194.86563225764,3222.399099971185,145.64329060517505
2025-12-04 03:01:45.381000,93855.83582607246,3222.399099971185,145.64329060517505
2025-12-04 04:01:42.851000,93855.83582607246,3209.8877250954165,145.64329060517505
2025-12-04 04:01:43.470000,93855.83582607246,3209.8877250954165,144.7546953821299
2025-12-04 04:01:44.054000,93567.32981233204,3209.8877250954165,144.7546953821299
2025-12-04 05:01:33.072000,93361.27533623583,3209.8877250954165,144.7546953821299
2025-12-04 05:01:33.532000,93361.27533623583,3209.8877250954165,144.13140401555364
2025-12-04 05:01:43.897000,93361.27533623583,3193.1590411707025,144.13140401555364
2025-12-04 06:06:12.432000,93361.27533623583,3193.1590411707025,143.21599468762824
2025-12-04 06:06:14.677000,92899.65881208924,3193.1590411707025,143.21599468762824
2025-12-04 06:06:14.684000,92899.65881208924,3186.228083644592,143.21599468762824
2025-12-04 07:01:45.588000,92899.65881208924,3206.972277794157,143.21599468762824
2025-12-04 07:01:45.851000,92899.65881208924,3206.972277794157,143.98752038282868
2025-12-04 07:01:48.719000,93124.7224503544,3206.972277794157,143.98752038282868
2025-12-04 08:02:21.287000,93124.7224503544,3191.554369753205,143.98752038282868
2025-12-04 08:02:23.988000,93344.22464629907,3191.554369753205,143.98752038282868
2025-12-04 08:02:29.784000,93344.22464629907,3191.554369753205,143.51151775857556
2025-12-04 09:01:34.711000,93162.29916189116,3191.554369753205,143.51151775857556
2025-12-04 09:01:34.787000,93162.29916189116,3181.293990007959,143.51151775857556
2025-12-04 09:01:34.853000,93162.29916189116,3181.293990007959,142.98231894185994
2025-12-04 10:01:32.986000,93576.35582972463,3181.293990007959,142.98231894185994
2025-12-04 10:01:33.268000,93576.35582972463,3203.868817217992,142.98231894185994
2025-12-04 10:01:38.254000,93576.35582972463,3203.868817217992,143.9684986495305
2025-12-04 11:00:57.454000,93576.35582972463,3187.803498017305,143.9684986495305
2025-12-04 11:01:28.727000,93576.35582972463,3187.803498017305,143.4560531775793
2025-12-04 11:02:08.691000,93249.89554012878,3187.803498017305,143.4560531775793
2025-12-04 12:00:18.335000,92962.28988355576,3187.803498017305,143.4560531775793
2025-12-04 12:00:20.540000,92962.28988355576,3187.1474456513524,143.4560531775793
2025-12-04 12:02:02.565000,92962.28988355576,3187.1474456513524,143.07048043968047
2025-12-04 13:00:35.153000,92962.28988355576,3187.1474456513524,142.89286589197908
2025-12-04 13:00:58.908000,92982.88944879393,3187.1474456513524,142.89286589197908
2025-12-04 13:01:00.801000,92982.88944879393,3175.775102772792,142.89286589197908
2025-12-04 14:01:10.979000,92532.02394137291,3175.775102772792,142.89286589197908
2025-12-04 14:01:12.183000,92532.02394137291,3170.9969019328787,142.89286589197908
2025-12-04 14:01:14.836000,92532.02394137291,3170.9969019328787,142.17229720327404
2025-12-04 15:01:57.163000,92053.41845475078,3170.9969019328787,142.17229720327404
2025-12-04 15:02:03.104000,92053.41845475078,3170.9969019328787,142.19303146902044
2025-12-04 15:02:08.184000,92053.41845475078,3155.273805258007,142.19303146902044
2025-12-04 16:06:59.224000,92053.41845475078,3190.8521304219657,142.19303146902044
2025-12-04 16:07:32.213000,92596.47508142228,3190.8521304219657,142.19303146902044
2025-12-04 16:07:35.895000,92596.47508142228,3190.8521304219657,142.90114198847263
2025-12-04 17:01:51.290000,92596.47508142228,3168.0640119593745,142.90114198847263
2025-12-04 17:01:51.332000,92596.47508142228,3168.0640119593745,142.53010860966344
2025-12-04 17:01:51.697000,92349.10012511045,3168.0640119593745,142.53010860966344
2025-12-04 18:00:42.110000,92349.10012511045,3161.416741534192,142.53010860966344
2025-12-04 18:00:48.732000,92448.2278390964,3161.416741534192,142.53010860966344
2025-12-04 18:02:06.695000,92448.2278390964,3161.416741534192,141.73508469012918
2025-12-04 19:02:36.460000,92448.2278390964,3161.416741534192,140.6729572151254
2025-12-04 19:02:57.985000,92131.16632716786,3161.416741534192,140.6729572151254
2025-12-04 19:03:14.124000,92131.16632716786,3139.0723763658675,140.6729572151254
2025-12-04 20:02:09.125000,92131.16632716786,3139.0723763658675,139.75155638254685
2025-12-04 20:02:11.355000,92068.628829156,3139.0723763658675,139.75155638254685
2025-12-04 20:02:18.937000,92068.628829156,3123.80054275793,139.75155638254685
2025-12-04 21:05:50.080000,92068.628829156,3123.80054275793,140.2779562939435
2025-12-04 21:05:52.717000,92068.628829156,3141.63530577392,140.2779562939435
2025-12-04 21:05:55.025000,92469.36285556007,3141.63530577392,140.2779562939435
2025-12-04 22:01:13.069000,92469.36285556007,3124.019513022045,140.2779562939435
2025-12-04 22:01:45.555000,92194.78324592086,3124.019513022045,140.2779562939435
2025-12-04 22:01:48.916000,92194.78324592086,3124.019513022045,139.1059198173552
2025-12-04 23:01:32.973000,92194.78324592086,3124.019513022045,139.4972428524347
2025-12-04 23:01:43.962000,92194.78324592086,3142.1516337263515,139.4972428524347
2025-12-04 23:01:54.467000,92349.58095934307,3142.1516337263515,139.4972428524347
2025-12-05 00:01:28.700000,92140.70419795792,3142.1516337263515,139.4972428524347
2025-12-05 00:01:31.542000,92140.70419795792,3133.698235618616,139.4972428524347
2025-12-05 00:01:36.402000,92140.70419795792,3133.698235618616,139.0035856702843
2025-12-05 01:02:39.362000,92140.70419795792,3133.698235618616,139.30246404773095
2025-12-05 01:02:39.739000,92140.70419795792,3146.6279087265966,139.30246404773095
2025-12-05 01:02:44.556000,92302.0897465114,3146.6279087265966,139.30246404773095
2025-12-05 02:00:24.240000,92370.2072229294,3146.6279087265966,139.30246404773095
2025-12-05 02:00:27.173000,92370.2072229294,3146.6279087265966,139.97380352958365
2025-12-05 02:01:45.661000,92370.2072229294,3165.234161350877,139.97380352958365
2025-12-05 03:00:59.890000,92527.8315926902,3165.234161350877,139.97380352958365
2025-12-05 03:01:23.115000,92527.8315926902,3165.234161350877,139.95634436226695
2025-12-05 03:01:56.394000,92527.8315926902,3184.222388263133,139.95634436226695
2025-12-05 04:02:14.541000,92527.8315926902,3184.222388263133,138.7900989640614
2025-12-05 04:02:16.561000,92302.35560866309,3184.222388263133,138.7900989640614
2025-12-05 04:02:16.839000,92302.35560866309,3171.95300110422,138.7900989640614
2025-12-05 05:01:36.048000,92302.35560866309,3171.95300110422,138.38648148510612
2025-12-05 05:01:36.095000,92070.4845714728,3171.95300110422,138.38648148510612
2025-12-05 05:01:38.736000,92070.4845714728,3171.854987474628,138.38648148510612
2025-12-05 06:01:40.662000,92070.4845714728,3154.586668576587,138.38648148510612
2025-12-05 06:01:41.648000,91921.18210371182,3154.586668576587,138.38648148510612
2025-12-05 06:01:41.664000,91921.18210371182,3154.586668576587,137.97187752317052
2025-12-05 07:02:50.477000,91921.18210371182,3154.586668576587,138.89160293091584
2025-12-05 07:02:50.626000,92263.3299565551,3154.586668576587,138.89160293091584
2025-12-05 07:02:51.215000,92263.3299565551,3169.2557401234785,138.89160293091584
2025-12-05 08:00:19.262000,92244.84957275762,3169.2557401234785,138.89160293091584
2025-12-05 08:00:20.511000,92244.84957275762,3173.776405608356,138.89160293091584
2025-12-05 08:02:19.191000,92244.84957275762,3173.776405608356,139.73687633311656
2025-12-05 09:01:03.257000,92114.99015350078,3173.776405608356,139.73687633311656
2025-12-05 09:01:39.723000,92114.99015350078,3173.776405608356,138.15402248129317
2025-12-05 09:01:45.608000,92114.99015350078,3155.206117219516,138.15402248129317
2025-12-05 10:01:48.745000,92114.99015350078,3155.206117219516,136.4269665792376
2025-12-05 10:01:57.658000,92114.99015350078,3124.6073292936226,136.4269665792376
2025-12-05 10:02:17.442000,91133.25125696733,3124.6073292936226,136.4269665792376
2025-12-05 11:00:26.109000,91321.13588701592,3124.6073292936226,136.4269665792376
2025-12-05 11:02:37.976000,91321.13588701592,3132.671409301684,136.4269665792376
2025-12-05 11:03:48.930000,91321.13588701592,3132.671409301684,137.7228485952106
2025-12-05 12:00:24.719000,91367.32047901885,3132.671409301684,137.7228485952106
2025-12-05 12:01:05.249000,91367.32047901885,3131.4205176017485,137.7228485952106
2025-12-05 12:01:05.436000,91367.32047901885,3131.4205176017485,137.02508053946397
2025-12-05 13:01:01.238000,91367.32047901885,3128.8591205298862,137.02508053946397
2025-12-05 13:01:01.894000,91367.32047901885,3128.8591205298862,136.78449231251227
2025-12-05 13:01:02.449000,91261.71327040569,3128.8591205298862,136.78449231251227
2025-12-05 14:00:56.384000,91261.71327040569,3100.2725814303435,136.78449231251227
2025-12-05 14:01:25.252000,90495.89880179014,3100.2725814303435,136.78449231251227
2025-12-05 14:01:33.325000,90495.89880179014,3100.2725814303435,136.1875740247765
2025-12-05 15:01:34.636000,90495.89880179014,3100.2725814303435,134.93971055275986
2025-12-05 15:02:07.986000,90495.89880179014,3102.194306090899,134.93971055275986
2025-12-05 15:02:11.353000,90239.62309417449,3102.194306090899,134.93971055275986
2025-12-05 16:00:58.353000,90239.62309417449,3105.732229141476,134.93971055275986
2025-12-05 16:01:20.404000,90239.62309417449,3105.732229141476,135.2558964465052
2025-12-05 16:01:46.410000,90691.05834616034,3105.732229141476,135.2558964465052
2025-12-05 17:01:04.440000,90691.05834616034,3105.732229141476,132.19163588684313
2025-12-05 17:01:14.639000,88838.81256963374,3105.732229141476,132.19163588684313
2025-12-05 17:01:15.107000,88838.81256963374,3033.297854317554,132.19163588684313
2025-12-05 18:01:05.872000,89320.67330009381,3033.297854317554,132.19163588684313
2025-12-05 18:01:06.865000,89320.67330009381,3032.6665830263146,132.19163588684313
2025-12-05 18:01:07.329000,89320.67330009381,3032.6665830263146,132.2871742301081
2025-12-05 19:03:13.169000,89320.67330009381,2995.6169409293184,132.2871742301081
2025-12-05 19:03:34.597000,88971.13700892155,2995.6169409293184,132.2871742301081
2025-12-05 19:03:36.327000,88971.13700892155,2995.6169409293184,131.26976713405247
2025-12-05 20:01:04.771000,88971.13700892155,2995.6169409293184,132.58165297770603
2025-12-05 20:01:24.050000,88971.13700892155,3038.9460134152146,132.58165297770603
2025-12-05 20:01:28.699000,89661.0097557126,3038.9460134152146,132.58165297770603
2025-12-05 21:00:27.157000,89319.18628091525,3038.9460134152146,132.58165297770603
2025-12-05 21:02:27.649000,89319.18628091525,3025.2732630366,132.58165297770603
2025-12-05 21:02:36.978000,89319.18628091525,3025.2732630366,132.5719207245686
2025-12-05 22:00:14.115000,89319.18628091525,3025.2732630366,132.23834816065153
2025-12-05 22:00:31.289000,89319.18628091525,3018.876648042432,132.23834816065153
2025-12-05 22:01:40.516000,89168.6188930498,3018.876648042432,132.23834816065153
2025-12-05 23:01:33.417000,89246.76255414792,3018.876648042432,132.23834816065153
2025-12-05 23:01:33.886000,89246.76255414792,3026.2450089202616,132.23834816065153
2025-12-05 23:01:34.873000,89246.76255414792,3026.2450089202616,132.74409003994413
2025-12-06 00:01:35.857000,89246.76255414792,3026.2450089202616,133.19940782316152
2025-12-06 00:01:43.734000,89307.09154512963,3026.2450089202616,133.19940782316152
2025-12-06 00:02:13.167000,89307.09154512963,3022.6564205232035,133.19940782316152
2025-12-06 01:01:40.690000,89307.09154512963,3025.8021005932865,133.19940782316152
2025-12-06 01:01:41.025000,89411.87151142707,3025.8021005932865,133.19940782316152
2025-12-06 01:01:54.972000,89411.87151142707,3025.8021005932865,133.43894897198754
2025-12-06 02:00:15.183000,89313.00635292601,3025.8021005932865,133.43894897198754
2025-12-06 02:01:21.647000,89313.00635292601,3026.5490559343098,133.43894897198754
2025-12-06 02:01:44.272000,89313.00635292601,3026.5490559343098,133.56218012003325
2025-12-06 03:01:32.273000,89404.64876063257,3026.5490559343098,133.56218012003325
2025-12-06 03:01:32.392000,89404.64876063257,3029.439354340614,133.56218012003325
2025-12-06 03:01:33.054000,89404.64876063257,3029.439354340614,133.39274127246352
2025-12-06 04:01:39.389000,89404.64876063257,3038.6696750423907,133.39274127246352
2025-12-06 04:02:03.377000,89404.64876063257,3038.6696750423907,133.701914523475
2025-12-06 04:02:07.039000,89659.75706048295,3038.6696750423907,133.701914523475
2025-12-06 05:01:02.680000,89659.75706048295,3036.9815513727804,133.701914523475
2025-12-06 05:01:17.817000,89670.35753876393,3036.9815513727804,133.701914523475
2025-12-06 05:01:37.283000,89670.35753876393,3036.9815513727804,133.2523542516813
2025-12-06 06:06:58.673000,89596.5402589313,3036.9815513727804,133.2523542516813
2025-12-06 06:06:58.969000,89596.5402589313,3036.774829831104,133.2523542516813
2025-12-06 06:07:03.001000,89596.5402589313,3036.774829831104,133.0548900764032
2025-12-06 07:01:13.468000,89596.5402589313,3036.774829831104,132.9742141916669
2025-12-06 07:01:45.884000,89596.5402589313,3040.1680821223345,132.9742141916669
2025-12-06 07:02:24.417000,89700.0501824711,3040.1680821223345,132.9742141916669
2025-12-06 08:00:57.797000,89700.0501824711,3026.5640369026924,132.9742141916669
2025-12-06 08:01:04.718000,89610.67940053929,3026.5640369026924,132.9742141916669
2025-12-06 08:01:05.783000,89610.67940053929,3026.5640369026924,132.80862113559178
2025-12-06 09:00:29.427000,89610.67940053929,3026.5640369026924,132.06852353411148
2025-12-06 09:01:35.681000,89322.01341173225,3026.5640369026924,132.06852353411148
2025-12-06 09:01:38.455000,89322.01341173225,3016.27172190789,132.06852353411148
2025-12-06 10:00:39.042000,89322.01341173225,3030.534411870339,132.06852353411148
2025-12-06 10:01:02.581000,89590.58493068343,3030.534411870339,132.06852353411148
2025-12-06 10:01:04.334000,89590.58493068343,3030.534411870339,132.58866848703042
2025-12-06 11:02:00.632000,89590.58493068343,3030.534411870339,132.70979870520128
2025-12-06 11:02:00.827000,89523.29215522746,3030.534411870339,132.70979870520128
2025-12-06 11:02:03.917000,89523.29215522746,3031.769643536991,132.70979870520128
2025-12-06 12:01:48.562000,89626.21664015269,3031.769643536991,132.70979870520128
2025-12-06 12:02:06.552000,89626.21664015269,3039.480677468629,132.70979870520128
2025-12-06 12:02:07.919000,89626.21664015269,3039.480677468629,133.20488417514477
2025-12-06 13:01:11.708000,89598.52998975923,3039.480677468629,133.20488417514477
2025-12-06 13:01:50.948000,89598.52998975923,3031.8267230948923,133.20488417514477
2025-12-06 13:01:51.261000,89598.52998975923,3031.8267230948923,132.7156174627752
2025-12-06 14:01:41.555000,89598.52998975923,3031.8267230948923,133.06324948115855
2025-12-06 14:01:41.728000,89686.06129936306,3031.8267230948923,133.06324948115855
2025-12-06 14:01:47.314000,89686.06129936306,3037.334532622152,133.06324948115855
2025-12-06 15:00:19.358000,89686.06129936306,3056.615300882348,133.06324948115855
2025-12-06 15:00:21.296000,89686.06129936306,3056.615300882348,133.7657708215152
2025-12-06 15:00:24.014000,90081.81117280424,3056.615300882348,133.7657708215152
2025-12-06 16:01:32.125000,90081.81117280424,3043.1619536420685,133.7657708215152
2025-12-06 16:01:57.330000,89791.26875713006,3043.1619536420685,133.7657708215152
2025-12-06 16:01:58.469000,89791.26875713006,3043.1619536420685,132.9816657176385
2025-12-06 17:00:09.918000,89791.26875713006,3043.1619536420685,133.10537344717957
2025-12-06 17:01:24.067000,89711.11278041216,3043.1619536420685,133.10537344717957
2025-12-06 17:02:35.974000,89711.11278041216,3052.761129902317,133.10537344717957
2025-12-06 18:01:50.645000,89711.11278041216,3053.2673945760903,133.10537344717957
2025-12-06 18:01:52.424000,89711.11278041216,3053.2673945760903,132.8316666539261
2025-12-06 18:01:53.406000,89688.726231859,3053.2673945760903,132.8316666539261
2025-12-06 19:01:49.834000,89688.726231859,3040.818851809428,132.8316666539261
2025-12-06 19:01:54.043000,89688.726231859,3040.818851809428,132.75796633543516
2025-12-06 19:02:15.069000,89594.48934194396,3040.818851809428,132.75796633543516
2025-12-06 20:02:07.061000,89594.48934194396,3033.6936323604327,132.75796633543516
2025-12-06 20:02:08.650000,89594.48934194396,3033.6936323604327,132.11421306161475
2025-12-06 20:02:09.905000,89463.06998584204,3033.6936323604327,132.11421306161475
2025-12-06 21:01:22.484000,89554.86879282963,3033.6936323604327,132.11421306161475
2025-12-06 21:01:23.369000,89554.86879282963,3040.0925084541827,132.11421306161475
2025-12-06 21:01:26.337000,89554.86879282963,3040.0925084541827,132.45438101350467
2025-12-06 22:01:49.075000,89447.79992594938,3040.0925084541827,132.45438101350467
2025-12-06 22:01:49.239000,89447.79992594938,3042.1155376756283,132.45438101350467
2025-12-06 22:01:49.368000,89447.79992594938,3042.1155376756283,132.45125843646062
2025-12-06 23:01:36.318000,89447.79992594938,3042.1155376756283,132.2186179163887
2025-12-06 23:01:38.279000,89301.79183131723,3042.1155376756283,132.2186179163887
2025-12-06 23:03:36.015000,89301.79183131723,3043.373929215734,132.2186179163887
2025-12-07 00:00:39.531000,89301.79183131723,3043.373929215734,132.21332316930986
2025-12-07 00:01:14.648000,89244.7620814118,3043.373929215734,132.21332316930986
2025-12-07 00:04:05.422000,89244.7620814118,3039.358573133242,132.21332316930986
2025-12-07 01:00:48.433000,89244.7620814118,3045.6160852037297,132.21332316930986
2025-12-07 01:00:51.071000,89244.7620814118,3045.6160852037297,132.44808031944433
2025-12-07 01:00:57.104000,89442.08598085925,3045.6160852037297,132.44808031944433
2025-12-07 02:00:20.939000,89442.08598085925,3046.8978997009185,132.44808031944433
2025-12-07 02:00:24.268000,89442.08598085925,3046.8978997009185,132.59956135338518
2025-12-07 02:01:01.556000,89380.5784461144,3046.8978997009185,132.59956135338518
2025-12-07 03:00:48.929000,89380.5784461144,3049.5653539369696,132.59956135338518
2025-12-07 03:01:38.984000,89380.5784461144,3049.5653539369696,133.1774796957483
2025-12-07 03:01:56.134000,89591.40163921085,3049.5653539369696,133.1774796957483
2025-12-07 04:01:11.910000,89591.40163921085,3054.1239704562336,133.1774796957483
2025-12-07 04:01:11.961000,89728.67942532501,3054.1239704562336,133.1774796957483
2025-12-07 04:01:12.163000,89728.67942532501,3054.1239704562336,133.50125520447338
2025-12-07 05:00:59.230000,89728.67942532501,3054.1239704562336,133.05468154886495
2025-12-07 05:01:06.400000,89553.15476748442,3054.1239704562336,133.05468154886495
2025-12-07 05:01:06.794000,89553.15476748442,3047.123886492528,133.05468154886495
2025-12-07 06:00:59.316000,89553.15476748442,3047.123886492528,132.87430143355476
2025-12-07 06:01:19.704000,89553.15476748442,3046.58976690325,132.87430143355476
2025-12-07 06:01:29.536000,89501.47167967241,3046.58976690325,132.87430143355476
2025-12-07 07:01:10.848000,89501.47167967241,3046.58976690325,133.10164711159365
2025-12-07 07:01:31.831000,89592.78832989243,3046.58976690325,133.10164711159365
2025-12-07 07:01:34.708000,89592.78832989243,3047.043004275217,133.10164711159365
2025-12-07 08:00:50.935000,89592.78832989243,3037.4020339175445,133.10164711159365
2025-12-07 08:00:52.694000,89592.78832989243,3037.4020339175445,132.10165875919844
2025-12-07 08:00:53.120000,89375.83415426753,3037.4020339175445,132.10165875919844
2025-12-07 09:02:01.555000,89428.99362624755,3037.4020339175445,132.10165875919844
2025-12-07 09:02:03.495000,89428.99362624755,3038.8257648288813,132.10165875919844
2025-12-07 09:02:03.505000,89428.99362624755,3038.8257648288813,132.3491242849217
2025-12-07 10:00:48.175000,89428.99362624755,3031.158372606329,132.3491242849217
2025-12-07 10:01:12.039000,89125.8674744549,3031.158372606329,132.3491242849217
2025-12-07 10:01:14.988000,89125.8674744549,3031.158372606329,131.88556728413317
2025-12-07 11:00:55.755000,89260.10758592366,3031.158372606329,131.88556728413317
2025-12-07 11:00:57.456000,89260.10758592366,3038.665912875108,131.88556728413317
2025-12-07 11:00:59.194000,89260.10758592366,3038.665912875108,132.34071406011802
2025-12-07 12:01:17.050000,89179.22240236348,3038.665912875108,132.34071406011802
2025-12-07 12:01:43.026000,89179.22240236348,3036.59681866386,132.34071406011802
2025-12-07 12:01:43.583000,89179.22240236348,3036.59681866386,132.34812751483943
2025-12-07 13:01:52.508000,89481.7211308164,3036.59681866386,132.34812751483943
2025-12-07 13:02:11.260000,89481.7211308164,3049.522646339228,132.34812751483943
2025-12-07 13:02:35.037000,89481.7211308164,3049.522646339228,132.8964612826968
2025-12-07 14:02:39.633000,89062.22627235795,3049.522646339228,132.8964612826968
2025-12-07 14:02:39.737000,89062.22627235795,3031.7965489721987,132.8964612826968
2025-12-07 14:02:47.014000,89062.22627235795,3031.7965489721987,131.8056154291661
2025-12-07 15:00:58.807000,89062.22627235795,3031.7965489721987,128.4688384273114
2025-12-07 15:02:16.830000,89062.22627235795,2946.5902943072265,128.4688384273114
2025-12-07 15:02:18.170000,88202.39414470572,2946.5902943072265,128.4688384273114
2025-12-07 16:00:33.817000,89472.58036849847,2946.5902943072265,128.4688384273114
2025-12-07 16:07:03.306000,89472.58036849847,3009.6978712032305,128.4688384273114
2025-12-07 16:07:05.698000,89472.58036849847,3009.6978712032305,131.38345372600236
2025-12-07 17:00:59.139000,89818.66878296863,3009.6978712032305,131.38345372600236
2025-12-07 17:00:59.441000,89818.66878296863,3009.6978712032305,131.42411271511517
2025-12-07 17:01:03.180000,89818.66878296863,3036.777694613602,131.42411271511517
2025-12-07 18:01:07.305000,89818.66878296863,3113.2409042986023,131.42411271511517
2025-12-07 18:01:08.793000,89818.66878296863,3113.2409042986023,134.8165342780081
2025-12-07 18:01:15.102000,90871.38352473611,3113.2409042986023,134.8165342780081
2025-12-07 19:05:42.091000,90871.38352473611,3113.2409042986023,136.0079400762023
2025-12-07 19:05:50.907000,91404.6679612346,3113.2409042986023,136.0079400762023
2025-12-07 19:05:52.087000,91404.6679612346,3132.624257385605,136.0079400762023
2025-12-07 20:01:25.409000,91404.6679612346,3139.04322924737,136.0079400762023
2025-12-07 20:01:26.290000,91404.6679612346,3139.04322924737,135.79115446945235
2025-12-07 20:01:27.666000,91348.91857747044,3139.04322924737,135.79115446945235
2025-12-07 21:01:32.523000,91432.38872266385,3139.04322924737,135.79115446945235
2025-12-07 21:01:36.663000,91432.38872266385,3141.0368715131463,135.79115446945235
2025-12-07 21:03:16.132000,91432.38872266385,3141.0368715131463,136.0130413425373
2025-12-07 22:00:46.802000,91432.38872266385,3080.281738680723,136.0130413425373
2025-12-07 22:01:02.080000,91432.38872266385,3080.281738680723,133.04063473118424
2025-12-07 22:01:32.016000,90017.8399930689,3080.281738680723,133.04063473118424
2025-12-07 23:01:21.812000,90017.8399930689,3034.647396591929,133.04063473118424
2025-12-07 23:01:23.231000,90017.8399930689,3034.647396591929,131.33877935566284
2025-12-07 23:01:36.175000,89669.56280777082,3034.647396591929,131.33877935566284
2025-12-08 00:00:33.237000,89669.56280777082,3052.976330436545,131.33877935566284
2025-12-08 00:00:49.857000,90398.44875659447,3052.976330436545,131.33877935566284
2025-12-08 00:00:51.798000,90398.44875659447,3052.976330436545,131.95984726955456
2025-12-08 01:01:47.680000,90404.72666612807,3052.976330436545,131.95984726955456
2025-12-08 01:01:48.728000,90404.72666612807,3064.969090675112,131.95984726955456
2025-12-08 01:02:04.557000,90404.72666612807,3064.969090675112,131.80469982878722
2025-12-08 02:01:18.682000,90404.72666612807,3064.969090675112,133.6014411391
2025-12-08 02:01:28.395000,90404.72666612807,3110.88710333536,133.6014411391
2025-12-08 02:01:30.692000,91117.2183618286,3110.88710333536,133.6014411391
2025-12-08 03:01:43.429000,91117.2183618286,3110.88710333536,133.94926860261316
2025-12-08 03:01:52.296000,91117.2183618286,3106.829545018643,133.94926860261316
2025-12-08 03:02:04.445000,91393.1884031835,3106.829545018643,133.94926860261316
2025-12-08 04:01:33.638000,91393.1884031835,3109.59273945971,133.94926860261316
2025-12-08 04:01:41.856000,91393.1884031835,3109.59273945971,134.17659974968032
2025-12-08 04:01:47.746000,91038.85575701772,3109.59273945971,134.17659974968032
2025-12-08 05:01:02.286000,91038.85575701772,3128.479827804152,134.17659974968032
2025-12-08 05:01:32.207000,91038.85575701772,3128.479827804152,134.83903317551844
2025-12-08 05:01:32.340000,91221.02400236895,3128.479827804152,134.83903317551844
2025-12-08 06:01:05.774000,91221.02400236895,3128.479827804152,135.2252050138275
2025-12-08 06:01:30.574000,91327.40930587606,3128.479827804152,135.2252050138275
2025-12-08 06:01:37.792000,91327.40930587606,3130.057783845044,135.2252050138275
2025-12-08 07:01:37.738000,91327.40930587606,3128.715065400636,135.2252050138275
2025-12-08 07:01:39.415000,91327.40930587606,3128.715065400636,135.83883124625623
2025-12-08 07:01:40.438000,91579.98599855526,3128.715065400636,135.83883124625623
2025-12-08 08:00:46.894000,91579.98599855526,3128.715065400636,135.83316654387994
2025-12-08 08:01:00.775000,91541.15536000222,3128.715065400636,135.83316654387994
2025-12-08 08:01:02.279000,91541.15536000222,3133.5258022847383,135.83316654387994
2025-12-08 09:01:13.822000,91541.15536000222,3133.5258022847383,136.72210054868165
2025-12-08 09:01:32.980000,91541.15536000222,3140.631130433864,136.72210054868165
2025-12-08 09:01:33.077000,91856.52696684626,3140.631130433864,136.72210054868165
2025-12-08 10:01:27.321000,91919.1147204135,3140.631130433864,136.72210054868165
2025-12-08 10:01:44.557000,91919.1147204135,3140.631130433864,138.0083456360081
2025-12-08 10:01:46.242000,91919.1147204135,3156.8138309293618,138.0083456360081
2025-12-08 11:01:16.972000,92130.30140568636,3156.8138309293618,138.0083456360081
2025-12-08 11:01:33.230000,92130.30140568636,3156.8138309293618,138.95522872665407
2025-12-08 11:01:34.975000,92130.30140568636,3159.502195541744,138.95522872665407
2025-12-08 12:01:44.521000,92130.30140568636,3140.3494782604976,138.95522872665407
2025-12-08 12:01:44.532000,92130.30140568636,3140.3494782604976,138.43480501842052
2025-12-08 12:01:44.707000,91970.39918188896,3140.3494782604976,138.43480501842052
2025-12-08 13:01:52.445000,91970.39918188896,3140.3494782604976,137.75625426547373
2025-12-08 13:01:56.052000,91773.79233492597,3140.3494782604976,137.75625426547373
2025-12-08 13:01:56.321000,91773.79233492597,3131.6385032269404,137.75625426547373
2025-12-08 14:00:37.850000,91534.86023966796,3131.6385032269404,137.75625426547373
2025-12-08 14:00:40.710000,91534.86023966796,3146.734020486684,137.75625426547373
2025-12-08 14:01:13.698000,91534.86023966796,3146.734020486684,138.87705971811008
2025-12-08 15:01:17.393000,91534.86023966796,3131.2162498391344,138.87705971811008
2025-12-08 15:01:18.255000,90883.16143531556,3131.2162498391344,138.87705971811008
2025-12-08 15:01:44.891000,90883.16143531556,3131.2162498391344,137.93189414148674
2025-12-08 16:01:54.953000,90883.16143531556,3131.2162498391344,135.8845605488519
2025-12-08 16:02:01.621000,90883.16143531556,3108.5485566302686,135.8845605488519
2025-12-08 16:02:03.117000,90114.80515515296,3108.5485566302686,135.8845605488519
2025-12-08 17:02:06.871000,89841.06111713321,3108.5485566302686,135.8845605488519
2025-12-08 17:02:13.534000,89841.06111713321,3108.5485566302686,135.6820582008335
2025-12-08 17:05:50.852000,89841.06111713321,3106.3840951872967,135.6820582008335
2025-12-08 18:01:21.311000,89841.06111713321,3106.3840951872967,135.31633313479568
2025-12-08 18:01:36.727000,90001.43020668387,3106.3840951872967,135.31633313479568
2025-12-08 18:01:41.093000,90001.43020668387,3111.7999962916565,135.31633313479568
2025-12-08 19:01:52.537000,90001.43020668387,3111.7999962916565,133.91896685271163
2025-12-08 19:01:58.786000,89888.90896735874,3111.7999962916565,133.91896685271163
2025-12-08 19:03:32.879000,89888.90896735874,3093.476152063856,133.91896685271163
2025-12-08 20:01:50.096000,89888.90896735874,3093.476152063856,134.03900120925456
2025-12-08 20:01:50.855000,89888.90896735874,3125.665176731417,134.03900120925456
2025-12-08 20:01:51.985000,90295.90375895712,3125.665176731417,134.03900120925456
2025-12-08 21:01:09.585000,90774.3775809705,3125.665176731417,134.03900120925456
2025-12-08 21:01:48.623000,90774.3775809705,3139.697687534451,134.03900120925456
2025-12-08 21:01:59.842000,90774.3775809705,3139.697687534451,134.32599900025633
2025-12-08 22:00:49.627000,90774.3775809705,3139.697687534451,134.40288599343592
2025-12-08 22:01:02.929000,91353.07766391557,3139.697687534451,134.40288599343592
2025-12-08 22:01:03.147000,91353.07766391557,3147.359295787979,134.40288599343592
2025-12-08 23:01:23.561000,91353.07766391557,3130.674957424392,134.40288599343592
2025-12-08 23:01:47.803000,91353.07766391557,3130.674957424392,133.59127595790113
2025-12-08 23:01:49.375000,90858.05062091615,3130.674957424392,133.59127595790113
2025-12-09 00:01:42.205000,90626.0373431212,3130.674957424392,133.59127595790113
2025-12-09 00:01:43.174000,90626.0373431212,3123.8052523660685,133.59127595790113
2025-12-09 00:01:44.203000,90626.0373431212,3123.8052523660685,133.22869851109667
2025-12-09 01:01:22.355000,90402.4025395972,3123.8052523660685,133.22869851109667
2025-12-09 01:01:23.193000,90402.4025395972,3119.2169084228885,133.22869851109667
2025-12-09 01:01:23.262000,90402.4025395972,3119.2169084228885,132.97464461618958
2025-12-09 02:01:33.183000,90059.53846828423,3119.2169084228885,132.97464461618958
2025-12-09 02:01:38.856000,90059.53846828423,3107.24218587533,132.97464461618958
2025-12-09 02:01:55.359000,90059.53846828423,3107.24218587533,133.00847954516482
2025-12-09 03:01:12.730000,90059.53846828423,3107.24218587533,133.0738171319278
2025-12-09 03:02:26.706000,90153.5391875256,3107.24218587533,133.0738171319278
2025-12-09 03:02:57.063000,90153.5391875256,3105.2940751271885,133.0738171319278
2025-12-09 04:01:15.390000,90153.5391875256,3105.2940751271885,134.00254197160487
2025-12-09 04:01:16.631000,90153.5391875256,3129.461835470605,134.00254197160487
2025-12-09 04:01:30.916000,90420.21548510875,3129.461835470605,134.00254197160487
2025-12-09 05:01:58.470000,90420.21548510875,3107.622580708713,134.00254197160487
2025-12-09 05:02:17.132000,90420.21548510875,3107.622580708713,132.6161405595195
2025-12-09 05:02:24.313000,89908.32646008272,3107.622580708713,132.6161405595195
2025-12-09 06:01:34.595000,89923.04989704031,3107.622580708713,132.6161405595195
2025-12-09 06:01:34.849000,89923.04989704031,3107.622580708713,132.49583191496637
2025-12-09 06:01:36.546000,89923.04989704031,3107.294444183018,132.49583191496637
2025-12-09 07:00:09.955000,89923.04989704031,3107.294444183018,132.59524639033953
2025-12-09 07:01:54.713000,89923.04989704031,3109.500320998096,132.59524639033953
2025-12-09 07:01:58.373000,90178.84633445465,3109.500320998096,132.59524639033953
2025-12-09 08:01:24.681000,90178.84633445465,3109.500320998096,133.1119649015866
2025-12-09 08:01:35.461000,90482.4862936932,3109.500320998096,133.1119649015866
2025-12-09 08:01:39.827000,90482.4862936932,3121.7608972690623,133.1119649015866
2025-12-09 09:06:10.803000,90482.4862936932,3121.6050298460164,133.1119649015866
2025-12-09 09:06:10.809000,90479.43467161932,3121.6050298460164,133.1119649015866
2025-12-09 09:06:10.915000,90479.43467161932,3121.6050298460164,133.14250879371147
2025-12-09 10:01:59.027000,90171.74987695285,3121.6050298460164,133.14250879371147
2025-12-09 10:01:59.692000,90171.74987695285,3121.6050298460164,132.52047435096347
2025-12-09 10:02:08.816000,90171.74987695285,3107.453048912867,132.52047435096347
2025-12-09 11:00:29.069000,90245.23997652612,3107.453048912867,132.52047435096347
2025-12-09 11:01:00.214000,90245.23997652612,3107.453048912867,132.6135907715378
2025-12-09 11:01:44.683000,90245.23997652612,3106.67041588328,132.6135907715378
2025-12-09 12:02:55.426000,90245.23997652612,3117.6356744651057,132.6135907715378
2025-12-09 12:02:59.312000,90245.23997652612,3117.6356744651057,132.90901705615167
2025-12-09 12:03:18.812000,90398.45972205752,3117.6356744651057,132.90901705615167
2025-12-09 13:01:50.135000,90398.45972205752,3117.6356744651057,133.1170877130765
2025-12-09 13:03:02.594000,90398.45972205752,3137.6785376548064,133.1170877130765
2025-12-09 13:03:15.940000,90550.60274621374,3137.6785376548064,133.1170877130765
2025-12-09 14:00:48.835000,90550.60274621374,3116.5060557646543,133.1170877130765
2025-12-09 14:01:44.366000,90451.2816787047,3116.5060557646543,133.1170877130765
2025-12-09 14:02:12.387000,90451.2816787047,3116.5060557646543,132.41706010711613
2025-12-09 15:00:26.130000,90284.16136437164,3116.5060557646543,132.41706010711613
2025-12-09 15:00:57.667000,90284.16136437164,3114.641435238245,132.41706010711613
2025-12-09 15:01:01.666000,90284.16136437164,3114.641435238245,132.2855816645326
2025-12-09 16:00:55.590000,90284.16136437164,3249.8746230335614,132.2855816645326
2025-12-09 16:06:52.636000,90284.16136437164,3249.8746230335614,138.48148565159715
2025-12-09 16:07:42.084000,93103.98634687548,3249.8746230335614,138.48148565159715
2025-12-09 17:01:25.362000,93103.98634687548,3249.8746230335614,144.01773143018883
2025-12-09 17:02:23.934000,93103.98634687548,3366.1206291159992,144.01773143018883
2025-12-09 17:02:24.022000,94267.1832941627,3366.1206291159992,144.01773143018883
2025-12-09 18:00:19.223000,94267.1832941627,3366.1206291159992,143.06967623601508
2025-12-09 18:01:39.216000,93920.90473522742,3366.1206291159992,143.06967623601508
2025-12-09 18:01:39.556000,93920.90473522742,3374.9334799627645,143.06967623601508
2025-12-09 19:01:37.270000,93920.23589966237,3374.9334799627645,143.06967623601508
2025-12-09 19:01:37.307000,93920.23589966237,3375.370250966273,143.06967623601508
2025-12-09 19:01:37.409000,93920.23589966237,3375.370250966273,142.3008977340208
2025-12-09 20:01:47.093000,93920.23589966237,3364.224958920048,142.3008977340208
2025-12-09 20:01:48.867000,93881.98556269356,3364.224958920048,142.3008977340208
2025-12-09 20:01:49.183000,93881.98556269356,3364.224958920048,142.3202648103506
2025-12-09 21:01:35.237000,93065.23177559406,3364.224958920048,142.3202648103506
2025-12-09 21:01:35.584000,93065.23177559406,3328.2650470416515,142.3202648103506
2025-12-09 21:01:36.313000,93065.23177559406,3328.2650470416515,140.11868907353568
2025-12-09 22:01:17.062000,93065.23177559406,3328.2650470416515,137.4907709881031
2025-12-09 22:01:20.993000,93065.23177559406,3302.8997329755966,137.4907709881031
2025-12-09 22:01:37.793000,92711.39528114548,3302.8997329755966,137.4907709881031
2025-12-09 23:02:00.529000,92711.39528114548,3327.540771092026,137.4907709881031
2025-12-09 23:02:01.107000,92711.39528114548,3327.540771092026,138.7716182696825
2025-12-09 23:02:02.644000,92790.20448989808,3327.540771092026,138.7716182696825
2025-12-10 00:01:12.370000,92790.20448989808,3318.7209450428563,138.7716182696825
2025-12-10 00:01:12.685000,92790.20448989808,3318.7209450428563,137.8941468193958
2025-12-10 00:01:12.854000,92686.10402025311,3318.7209450428563,137.8941468193958
2025-12-10 01:01:36.650000,92686.10402025311,3308.3166092141446,137.8941468193958
2025-12-10 01:01:41.753000,92157.39293716304,3308.3166092141446,137.8941468193958
2025-12-10 01:01:43.584000,92157.39293716304,3308.3166092141446,137.4815494737889
2025-12-10 02:00:11.923000,92324.90446978032,3308.3166092141446,137.4815494737889
2025-12-10 02:00:23.483000,92324.90446978032,3303.381321863448,137.4815494737889
2025-12-10 02:00:31.606000,92324.90446978032,3303.381321863448,137.9581887356777
2025-12-10 03:01:27.074000,92324.90446978032,3303.381321863448,137.61784359945815
2025-12-10 03:01:28.899000,92484.68449061408,3303.381321863448,137.61784359945815
2025-12-10 03:01:29.791000,92484.68449061408,3311.4586743618943,137.61784359945815
2025-12-10 04:01:37.126000,92484.68449061408,3309.543066464357,137.61784359945815
2025-12-10 04:01:37.572000,92410.12951343389,3309.543066464357,137.61784359945815
2025-12-10 04:01:39.672000,92410.12951343389,3309.543066464357,138.34489388631923
2025-12-10 05:01:29.607000,92410.12951343389,3309.543066464357,139.2184984148344
2025-12-10 05:01:30.545000,92532.04126979448,3309.543066464357,139.2184984148344
2025-12-10 05:01:36.829000,92532.04126979448,3323.204157456065,139.2184984148344
2025-12-10 06:01:35.254000,92532.04126979448,3323.02553292862,139.2184984148344
2025-12-10 06:01:37.162000,92532.04126979448,3323.02553292862,138.8788521397412
2025-12-10 06:01:38.151000,92589.68700272198,3323.02553292862,138.8788521397412
2025-12-10 07:00:34.611000,92589.68700272198,3325.451474750101,138.8788521397412
2025-12-10 07:01:03.886000,92688.72784020525,3325.451474750101,138.8788521397412
2025-12-10 07:01:56.994000,92688.72784020525,3325.451474750101,139.1720417202422
2025-12-10 08:01:35.483000,92700.84237056004,3325.451474750101,139.1720417202422
2025-12-10 08:01:35.641000,92700.84237056004,3322.8908347269644,139.1720417202422
2025-12-10 08:01:35.659000,92700.84237056004,3322.8908347269644,139.0320463295377
2025-12-10 09:00:57.077000,92700.84237056004,3324.945815302738,139.0320463295377
2025-12-10 09:01:25.047000,92623.70256256762,3324.945815302738,139.0320463295377
2025-12-10 09:01:32.156000,92623.70256256762,3324.945815302738,138.5251044503193
2025-12-10 10:01:46.052000,92865.55966048971,3324.945815302738,138.5251044503193
2025-12-10 10:01:46.813000,92865.55966048971,3339.4767398006747,138.5251044503193
2025-12-10 10:01:47.217000,92865.55966048971,3339.4767398006747,138.81425386845876
2025-12-10 11:01:45.771000,92302.24850832098,3339.4767398006747,138.81425386845876
2025-12-10 11:01:46.000000,92302.24850832098,3316.586961960093,138.81425386845876
2025-12-10 11:01:46.023000,92302.24850832098,3316.586961960093,137.04459227592466
2025-12-10 12:01:43.916000,92098.54214403487,3316.586961960093,137.04459227592466
2025-12-10 12:01:44.565000,92098.54214403487,3317.653910245247,137.04459227592466
2025-12-10 12:01:48.301000,92098.54214403487,3317.653910245247,136.99751922423715
2025-12-10 13:01:56.907000,91971.47016600416,3317.653910245247,136.99751922423715
2025-12-10 13:01:57.045000,91971.47016600416,3317.653910245247,137.41563278603033
2025-12-10 13:01:57.046000,91971.47016600416,3320.625831847625,137.41563278603033
2025-12-10 14:01:33.382000,92066.23910408375,3320.625831847625,137.41563278603033
2025-12-10 14:01:33.856000,92066.23910408375,3320.625831847625,137.6514851145771
2025-12-10 14:01:34.991000,92066.23910408375,3331.86889487789,137.6514851145771
